3184 5100
268 416 490 485 mstomto
517 416 774 483 amiantum.
792 402 1125 488 meaa-at.
1181 407 1255 489 tat

152 600 265 661 καριοι
288 577 459 643 ἀπόστολοι
473 577 555 643 κατὰ
573 578 608 643 τό
631 575 768 664 ἀρρητόν
787 602 821 643 τε
835 578 890 643 καί
910 575 1068 664 ἄγνωστον
1079 580 1254 666 ε’χειραγω-
1281 604 1287 614 ‘

152 680 268 761 γοῦντο
292 680 425 762 δύναμίν
446 704 479 744 τε
508 680 564 745 καί
586 680 699 758 δόξαν,
730 684 786 765 τῆς
819 681 962 767 ἀφανοῦς
988 682 1199 768 κρυφιότητος
1218 681 1253 746 τό

155 781 259 865 φανὲν
282 778 387 855 αὐτοῖς
409 777 489 865 ὑπὲρ
510 782 566 865 τὴν
588 779 833 867 αἴσθησινφῶς
848 782 1007 865 σύμβολον
1029 776 1109 845 εἶναι
1126 785 1253 865 μανθά-

152 880 290 955 νοντες.”
341 878 420 969 ὁρᾷς
449 885 516 958 πῶς
535 883 590 946 καί
624 874 713 958 οὗτος
735 885 790 967 τῆς
815 880 860 967 μὴ
884 884 1076 968 φαινομένης
1107 882 1253 947 ἀκτίστου

125 982 250 1057 5θείας
285 980 395 1057 οάσίας
426 986 482 1045 τοῦ
517 982 732 1065 θεανθριόπου
765 984 860 1068 λόγου
884 983 981 1048 τόπον
1010 984 1066 1048 καί
1087 982 1253 1065 σόμβολον,

153 1081 212 1147 καί
236 1081 291 1169 οὐκ
315 1079 456 1147 ἀκτιστον
477 1080 573 1168 ἀλλην
598 1083 813 1148 ἀνυπόστατον
837 1086 953 1171 φόσκει
975 1083 1119 1168 θεότητα,
1142 1081 1177 1146 τό
1198 1110 1253 1167 τη-

152 1184 289 1246 νικαῦτα
304 1182 495 1268 φαινόμενον
509 1187 578 1269 φῶς
597 1188 630 1249 ἐν
649 1182 768 1266 Θοβώρ
786 1186 834 1248 ἐπ’
860 1184 964 1261 αὐτοῦ,
980 1184 1035 1248 καί
1056 1185 1253 1267 παράόειξιν,

154 1282 193 1345 od
216 1286 336 1362 όεῖξινς
365 1284 448 1369 μηόὲ
482 1281 543 1369 γὰρ
568 1278 649 1348 εἶναι
672 1283 810 1349 δυνατόν’
836 1283 998 1370 ὁραθῆναι
1019 1292 1084 1359 τοῖς
1104 1285 1255 1366 κτίσμασι

151 1382 188 1447 τό
214 1379 358 1448 ἄκαστον
379 1385 462 1468 μηδὲ
490 1392 555 1461 τοῖς
576 1384 828 1471 πεπερασμένοις
848 1384 883 1450 τό
909 1382 1040 1470 ἀπειρον
1061 1383 1153 1470 λέγει.
1197 1386 1253 1468 dn·
1266 1402 1321 1453 ⁸⁰

107 1490 209 1559 10ioi
240 1486 269 1546 d’
304 1484 529 1573 ἐναργέστερον
561 1486 607 1550 ἔτι
628 1486 683 1552 καί
713 1484 730 1551 ὁ
762 1486 863 1571 μέγας
893 1487 1142 1572 τῆςέκκλησίας
1164 1488 1254 1550 τοῦτο

156 1582 290 1669 φωστὴρ
313 1583 486 1669 Κόριλλος·
528 1584 741 1671 “πεπριῖχθαι
762 1588 823 1673 γάρ
846 1611 952 1673 φαμεν
970 1585 1026 1670 τὴν
1046 1590 1103 1650 τοῦ
1121 1584 1253 1671 κορίου”

154 1683 239 1767 λέγει
261 1682 547 1771 “μεταμόρφωσιν,
582 1687 618 1750 οὗ
651 1688 751 1771 όήπου
788 1686 823 1752 τό
853 1692 964 1771 σχῆμα
995 1686 1031 1752 τό
1055 1687 1254 1772 ἀνθρώπινον

156 1784 371 1866 ἀποβαλόντος
391 1790 447 1850 τοῦ
468 1788 623 1870 στόματος,
650 1786 730 1851 ἀλλὰ
753 1787 845 1871 όόξης
867 1786 950 1863 τινός
983 1790 1177 1875 φατοειόοῦς
1198 1808 1253 1847 πε-

156 1882 379 1968 ριστελλούσης
401 1886 476 1951 αὐτό
488 1915 495 1929 ·
514 1882 679 1969 μείναντος
692 1884 760 1971 ’γὰρ
782 1889 839 1950 τοῦ
855 1886 1001 1969 σώματος
1023 1886 1077 1951 ἐπί
1096 1886 1154 1950 τοῦ
1174 1884 1254 1967 σχή-
1299 1967 1304 1975 „

111 2006 271 2064 15ματος,
300 1984 354 2047 ἐπί
385 1984 419 2049 τό
447 1986 647 2070 ἐνδοξότερον
678 1986 706 2050 οἱ
736 1990 940 2071 χαρακτῆρες
974 1985 1028 2051 διὰ
1062 1986 1256 2071 φωτοειόοῦς

151 2084 324 2167 χρώματος
345 2086 601 2170 όιεχροόννοντο.”
658 2088 686 2150 εἰ
708 2082 763 2151 οόν
787 2085 869 2150 κατὰ
891 2087 948 2163 τὰς
966 2091 1028 2151 τῶν
1055 2085 1153 2171 οῗγίων
1173 2110 1282 2171 yon-f,
1295 2112 1383 2166 ttae.

143 2182 221 2269 ,φὰς
240 2186 336 2261 τόπος
358 2188 413 2250 καί
442 2188 600 2269 σόμβολον
637 2188 796 2268 ἀκτίστοο,
815 2187 963 2273 θεότητος
993 2184 1044 2272 ἦ»
1064 2185 1189 2251 κάκεῖνο
1218 2184 1252 2251 τό
1374 2267 1376 2273 y

158 2287 235 2367 φῶς,
256 2284 363 2369 ἓτερον
383 2288 503 2370 ἐκείνης
526 2282 565 2371 ἦν
586 2288 641 2352 καί
663 2287 719 2351 οόκ
739 2290 861 2373 ἐκείνη,
885 2287 953 2366 οὐδ’
979 2284 1121 2363 ἀκτιστος
1143 2288 1254 2371 θεότης
1288 2312 1313 2341 ‘-

157 2381 261 2446 εἶτοον
285 2384 389 2449 οὐσία.
433 2383 476 2460 ὥς
498 2384 559 2471 γὰρ
583 2385 622 2461 τόΙ
642 2390 749 2473 ἕτερον
770 2386 859 2473 παρά
872 2385 928 2471 τὴν
951 2388 1083 2471 δύναμιν
1098 2386 1180 2451 κατά
1200 2384 1254 2451 τόν

104 2483 314 2564 γρΝυσσαέα
335 2487 365 2549 Γ
367 2486 513 2572 ργγόριον
544 2490 677 2572 όζόναμις
700 2488 755 2553 οόκ
779 2488 884 2567 ἔστιν,
909 2487 990 2554 οὕτω
1013 2487 1123 2554 καί”τό
1145 2489 1253 2573 ἕτερον
1303 2548 1314 2562 ,

156 2583 245 2669 παρὰ
265 2583 320 2670 τὴν
342 2586 441 2671 μόνην
464 2585 607 2654 ἀκτιστον
629 2590 741 2656 οὐσίαν
763 2591 875 2675 θεότης
906 2586 1048 2665 ἀκτιστος
1070 2588 1125 2653 oda
1146 2588 1250 2653 ἔστιν·

157 2685 185 2747 εἰ
206 2682 393 2784 γάρκάλλη,
421 2688 476 2752 καί
498 2687 653 2766 ’ἀκτιστος
682 2690 737 2755 καί
767 2690 914 2767 ἀνοόσιος
941 2691 997 2754 καί
1027 2687 1252 2763 ἀνυπόστατος.

157 2785 353 2874 ἀνύπαρκτος
372 2785 453 2876 ἀρα,
475 2790 530 2855 καί
550 2789 590 2877 Ιτό
612 2793 709 2874 σέβας
739 2791 835 2856 oidelae
857 2791 973 2878 σαφής.
1017 2787 1116 2894 οὕτως
1137 2790 1171 2852 ἐκ
1193 2788 1315 2871 μὲνΙὶ

158 3099 362 3167 inpenetrabilis
382 3100 550 3152 obscuritatis
570 3101 718 3167 symbolum
737 3117 796 3152 esse
814 3102 904 3168 ¹lucem
933 3115 1137 3168 capessentum
1164 3115 1250 3168 appa.

157 3180 257 3224 rentem
277 3172 471 3239 intelligerent.
490 3173 636 3236 ¹uidesne,
656 3174 787 3240 quomodo
807 3173 856 3224 ille
880 3173 1026 3224 invisibilia
1045 3174 1180 3224 increatae
1206 3173 1251 3223 di-

158 3246 236 3295 vinae
255 3246 390 3294 essentiae
408 3245 499 3296 diuino
512 3243 617 3294 huittaui
631 3245 704 3294 verbi
725 3245 880 3311 elligiemet
898 3244 1047 3310 symbolum
1066 3260 1117 3295 neo
1136 3245 1248 3294 iucrea.
1325 3269 1328 3272 ·

158 3323 208 3366 tam
234 3315 343 3366 alteram
367 3316 595 3366 insubstantialem
615 3316 740 3366 deitatem
768 3317 833 3366 dicit
851 3315 937 3366 lucem
957 3324 1011 3366 tum
1030 3317 1057 3366 in
1078 3314 1182 3366 'litabor
1201 3329 1250 3364 au-

158 3402 206 3452 per
225 3403 283 3436 eum
303 3396 490 3453 apparentem,
511 3395 537 3437 et
556 3387 829 3452 subpatel'actionem,
854 3403 907 3438 non
920 3431 922 3436 .
935 3388 1149 3453 patefactionem.
1194 3399 1249 3436 non

160 3458 226 3507 enim
248 3473 326 3524 posse
345 3461 418 3508 cerni
441 3459 473 3510 ab
492 3460 588 3509 creatis
608 3463 750 3510 increatum
770 3474 859 3526 neque
878 3459 1007 3510 inlinitum
1026 3457 1059 3508 ab
1079 3459 1168 3508 linitis.
1206 3457 1250 3506 di.

160 3527 273 3578 lucidius
295 3531 373 3579 etiam
397 3531 447 3580 hoe
474 3530 590 3596 explicat
608 3545 716 3597 coagnus
737 3529 871 3581 ccclesiae
890 3531 980 3580 lumen
998 3527 1133 3594 cyrillus:
1154 3528 1249 3578 iactam
1334 3566 1340 3585 ς

161 3599 227 3648 euim
249 3603 395 3666 cogitamus
416 3603 514 3652 domini
535 3602 804 3666 transfigurationem,
818 3602 919 3667 inquit,
937 3615 991 3650 nou
1006 3601 1111 3649 abiecta
1129 3598 1250 3664 conperit

161 3671 264 3744 huiuani
286 3674 378 3735 forma,
397 3675 443 3722 aed
464 3673 586 3723 claritate
604 3673 679 3739 quasi
690 3673 798 3723 luminis
809 3674 980 3734 circumdata,
1000 3671 1099 3738 integri
1118 3671 1249 3735 corporis,

161 3741 228 3808 quod
249 3743 356 3792 lotitiam
380 3744 483 3794 attinet.
521 3743 611 3794 vultus
634 3743 702 3794 lucis
724 3746 817 3794 colore
836 3743 928 3793 imbuti
947 3750 1017 3793 aunt.
1062 3744 1085 3793 ai
1104 3741 1249 3805 igiturne.

161 3813 270 3862 eundum
293 3821 442 3864 sanctorum
462 3814 545 3864 libros
565 3816 671 3880 el'ligies
692 3822 717 3864 et
742 3814 890 3880 aytatbolum
909 3815 1045 3864 increatae
1064 3812 1171 3862 deitatis
1193 3817 1250 3862 erat
1341 3862 1343 3867 ,
1372 3848 1376 3859 ,

160 3882 206 3934 lux
225 3882 283 3946 illa,
306 3885 377 3935 aliud
397 3887 525 3950 quoddam
547 3895 701 3952 cantatque
722 3885 769 3935 illa
789 3893 816 3934 ct
834 3899 886 3934 non
907 3885 954 3935 illa
973 3900 1025 3935 uec
1045 3885 1163 3934 increata
1188 3882 1249 3933 dei.

159 3961 198 4004 tas
216 3954 233 4002 i.
255 3970 278 4004 e.
302 3958 426 4006 essentia.
464 3959 681 4022 quemadmodum
701 3958 769 4006 enim
791 3956 903 4006 alterum
921 3957 1051 4022 quoddam
1072 3962 1179 4021 praeter
1197 3968 1248 4019 po.

160 4026 266 4075 tentiam
287 4029 430 4076 seeundum
454 4029 611 4094 Gregorium
631 4028 766 4080 llissneum
786 4029 905 4093 potentia
931 4027 1005 4076 nulla
1025 4033 1082 4090 eat,
1108 4027 1145 4076 ita
1168 4027 1249 4076 etiam

159 4095 241 4148 altera
262 4109 366 4162 practer
385 4113 462 4147 unam
482 4100 623 4148 increatum
644 4101 786 4150 essentiam
806 4101 891 4150 deitas
910 4099 1028 4148 increata
1049 4096 1124 4148 nulla
1142 4104 1191 4148 eat.
1225 4095 1248 4145 ai

159 4169 225 4218 enim
246 4172 341 4236 altera,
360 4183 425 4235 ergo
445 4169 562 4220 increata
583 4178 609 4220 et
627 4170 810 4220 inessentialia
837 4177 864 4220 et
891 4169 1102 4220 insubstantialis
1121 4176 1148 4218 et
1165 4167 1249 4234 apici·
1297 4188 1299 4191 ·

157 4241 233 4292 tualis
255 4247 282 4292 ot
300 4243 441 4292 veneratio
461 4240 541 4308 plane
561 4243 733 4304 atlteismus„
754 4243 846 4311 itaqua
864 4257 899 4292 ex
916 4242 1097 4310 polytheiamo
1115 4239 1248 4290 t’utnntcc
