3184 5100
233 577 235 584 '
325 587 470 670 νήθήσαν
493 591 563 658 ταῖς
586 586 640 668 τής
657 582 878 664 Προποντίδος
898 578 1170 664 προσεληλυθέναι
1195 572 1313 659 νήσοις,
1334 577 1428 640 δυοῖν

326 689 458 754 δέουσαι
480 679 709 768 ἐβδομήκοντα,
730 685 789 746 τοῦ
811 679 931 765 χρόνου
951 680 1122 765 τηνικαῦτα
1142 677 1201 754 τός
1219 680 1277 742 τοῦ
1298 678 1429 758 χειμῶ-

326 811 377 862 νος
398 788 551 870 ε’σχατιόις
581 787 816 870 παραθέοντος,
839 781 906 888 κατ’.
924 786 1093 862 μέλλοντος
1122 774 1198 844 όσον
1220 779 1346 864 οόδέπω
1367 776 1428 852 τός

326 889 381 972 τής
404 889 513 972 η’ρινής
540 887 707 970 ἰσημερίας
729 884 872 966 οἷνόσχειν
902 877 1031 966 τροπάς.
1082 876 1216 963 edwarde}
1240 875 1337 962 λιμήν
1358 885 1429 954 ταῖς

326 987 432 1073 νήσοις
456 983 588 1062 ἐκεόναις
609 985 667 1048 οόκ
683 975 719 1069 ήν
742 985 871 1072 ου’δομή
884 979 1022 1070 τοσοότφ
1045 979 1147 1071 στόλφ
1166 976 1342 1065 προσήκων,
1365 991 1457 1059 prr-5

197 1095 217 1152 i.
228 1096 278 1152 115
289 1097 316 1152 b.
326 1089 440 1172 τόονροι
457 1089 672 1172 νυχθημέροις
692 1086 784 1151 δυοόν
796 1088 845 1149 ἐπ’
856 1087 1002 1168 όγκυρῶν
1013 1082 1166 1149 ἐσόλευον
1176 1077 1298 1146 όπασαι
1310 1082 1335 1118 ”
1345 1079 1428 1144 πόνυ

325 1215 356 1254 τι
379 1192 580 1276 πλημμελῶς,
602 1190 659 1252 τοῦ
681 1209 714 1251 τε
739 1183 882 1267 κόματος
897 1183 1041 1250 κότωθεν
1065 1182 1281 1264 όνοιδοόντος,·
1295 1183 1350 1245 κατ’
1371 1186 1430 1247 τοῦ

325 1289 499 1373 πνεύματος
518 1289 644 1374 οόδαμῇ
676 1312 726 1352 πω
756 1283 875 1372 λήξεως
899 1285 1114 1372 μεμνημένου.
1168 1276 1272 1368 ήνόρ
1295 1276 1335 1348 όν
1357 1283 1430 1366 ἐνήν

324 1393 379 1455 κατ’
399 1393 429 1454 Γ
427 1392 602 1464 εννονότυις
623 1387 678 1454 ἐπὶ
697 1391 783 1474 σφοῖς
803 1385 954 1473 ,ἐξαίφνης
976 1389 1197 1465 πλευοεῖσθαι,
1212 1385 1313 1448 πόλαι
1334 1386 1430 1448 τοῦτο

239 1520 243 1526 ·
325 1494 499 1574 μελετηθέν
522 1493 633 1566 adroic
654 1494 708 1555 καί
732 1492 1000 1576 παρασκευασθὲν
1032 1490 1260 1568 κεκοπωμένοις
1278 1489 1430 1551 ἐπεισπε-
1441 1498 1477 1551 10

262 1599 394 1661 itteris
414 1588 493 1655 κοτό
528 1593 581 1656 τόν
613 1590 783 1656 α’νόπλουν.
836 1588 891 1654 κατ’
917 1590 1022 1653 ταῦτα
1050 1591 1110 1668 μέν
1143 1588 1219 1674 τῇδέ
1247 1613 1290 1675 πη
1316 1581 1428 1668 ἔσχεν·

303 1695 393 1772 ,ἀλλ’
416 1689 584 1777 ἐπειδήπερ
617 1695 675 1756 oda
707 1683 746 1776 ήν
775 1693 808 1766 ἐς
834 1695 929 1755 πλόον
958 1690 1028 1754 οέδ’
1057 1691 1211 1754 ἐνταυθοῖ
1236 1690 1430 1772 καθημένοις

279 1813 282 1820 ’
325 1791 467 1887 θαλάττῃ
501 1795 556 1858 κατ’
585 1793 705 1875 κόμποι
733 1790 900 1874 μάχεσθαι
928 1793 984 1854 κατ’
1014 1788 1170 1871 πνεόματι
1200 1791 1427 1873 τραχυνομένφ

326 1897 500 1980 διηνεκῶς,
524 1889 657 1980 ἄραντες
671 1897 793 1960 ἐκεῖθεν
814 1901 949 1974 τριταῖοι
970 1892 1045 1973 περὶ
1062 1893 1170 1975 δειλην
1191 1889 1290 1971 όψιάν
1310 1885 1428 1976 κατήες

325 2019 386 2060 σον
418 1996 521 2082 ήρέμιι
552 1994 606 2061 κατ’
640 1998 814 2081 μοχθηρῶς
842 1994 875 2070 ἐς
911 1991 967 2058 τόν
995 1994 1059 2058 τόν
1089 1992 1274 2071 Βυζαντίων
1302 1990 1427 2070 λιμένα.
1441 1999 1477 2052 15

326 2099 381 2162 aad
405 2089 472 2177 όμυ
492 2097 633 2183 τριήρεις
655 2099 804 2162 ἐντεῦθεν
827 2092 909 2159 darni
931 2082 1327 2176 όναχθεῖσαι,“Ρωμαλ’καί
1349 2114 1429 2154 συν.

327 2199 476 2282 διέφερον
510 2193 568 2279 τήν
599 2198 784 2281 καταγωγήν
813 2200 868 2262 καό
889 2195 1120 2277 συνεκρότουν,
1153 2190 1353 2275 προάγουσαι
1374 2193 1432 2255 κατ’

324 2297 586 2382 χειρογωγοόσαι.
641 2295 720 2362 otti
753 2300 828 2381 πρίν
855 2291 1006 2378 όψασθαι
1035 2297 1113 2378 φής,
1140 2292 1344 2358 ἐπιπλέουσιν
1376 2295 1429 2371 ἐξ.
1511 2314 1512 2367 3

245 2431 247 2442 ν
327 2400 441 2484 αι’φνης
464 2397 579 2473 αότοΐς
602 2395 635 2462 αἱ
659 2401 689 2462 Γ
687 2387 880 2462 εννουιτικαό
898 2394 1049 2479 τριήρεις,
1070 2395 1308 2482 ἐφεδρεόουσοι
1321 2393 1432 2473 «πόλοι

328 2499 427 2563 πολιόν
452 2521 523 2563 τινα
547 2499 675 2584 χρόνον.
719 2499 774 2565 κατ’
796 2502 908 2581 πρῶτα
929 2501 989 2579 μὲν
1009 2497 1149 2581 τριήρεις
1164 2494 1477 2580 ταχυναυτούσας20

326 2597 444 2677 σύνδυο
476 2596 708 2682 καόσόντρεις
738 2598 771 2664 ἐκ
809 2601 1022 2682 διαστήματος
1051 2602 1084 2675 ἐς
1120 2593 1268 2682 πρόμναν
1303 2599 1432 2662 ἐκείνων

248 2730 263 2741 ·’
327 2699 553 2781 προύπεμψαν,
573 2696 703 2765 κόπειτο
726 2702 985 2785 ἐσπουδασμένην
1014 2699 1084 2766 τινό
1107 2702 1163 2764 καί
1182 2702 1270 2780 μόλα
1286 2716 1323 2790 ’,τι
1345 2697 1432 2785 σφό-

327 2801 389 2883 δρα
412 2798 542 2865 κατόπιν
565 2803 668 2880 όξεϊαν
699 2800 734 2867 ai
763 2806 864 2868 πᾶσαν
890 2800 947 2887 τήν
977 2799 1093 2887 ἔφοδον
1127 2802 1309 2883 ἐποιοῦντο,
1332 2799 1376 2875 air
1397 2804 1430 2876 ἐς

328 2899 466 2985 οἷνόγκας
490 2902 573 2968 ι’ἐνυι
594 2902 790 2986 Βενετικοός,
811 2904 924 2998 καίπερ
956 2896 1038 2967 οότω
1059 2905 1298 2983 κεκοπωμένους
1319 2903 1375 2966 κατ’
1395 2904 1429 2965 ἐν
1472 2973 1475 2978 ,

325 415 376 502 aa
601 429 612 500 ῃ
627 417 851 488 srcurnom
879 372 1110 502 amoenas

327 3205 388 3243 sere
402 3188 508 3257 placido
531 3197 619 3241 austro
638 3191 715 3243 initio
735 3192 841 3259 quidem
855 3189 945 3254 flaute,
961 3197 1070 3257 postero
1089 3189 1133 3241 die
1152 3196 1240 3241 autem
1259 3191 1430 3259 usqueadeo
1511 3223 1512 3240 .

327 3260 554 3326 increbrescente,
568 3269 598 3313 ut
611 3277 693 3329 aegre
707 3263 740 3314 ad
754 3262 856 3315 insulas
865 3260 1034 3327 Propontidis
1048 3276 1107 3312 cum
1120 3263 1260 3330 sexaginta
1274 3269 1335 3313 octo
1348 3264 1431 3314 navi.

327 3332 376 3384 bus
391 3333 536 3400 pervenire
547 3340 657 3398 possent
669 3342 784 3384 exeunte
803 3332 891 3384 hieme
906 3340 933 3383 et
943 3334 1114 3400 aequinoctio
1128 3339 1212 3385 verno
1225 3334 1330 3385 iamiam
1343 3349 1430 3401 appe.
1511 3333 1512 3336 ’

317 3402 410 3455 ‘iente
431 3419 510 3471 quum
524 3418 589 3454 vero
605 3412 707 3469 portus,
722 3406 765 3472 qui
780 3412 880 3460 tantam
898 3402 1010 3455 classem
1029 3418 1126 3470 capere
1139 3412 1240 3471 posset,
1259 3404 1315 3456 iilis
1333 3405 1430 3457 insulis

326 3490 381 3527 nou
401 3482 481 3537 esset,
496 3488 543 3540 per
562 3474 671 3525 duorum
688 3475 792 3527 dierum·
802 3475 973 3543 noctiumque
986 3476 1099 3541 spatium
1118 3476 1146 3526 in
1161 3475 1215 3527 alto
1236 3489 1328 3528 ornnes
1345 3492 1431 3529 naves
1511 3473 1512 3518 i

326 3556 448 3610 temere,
468 3547 495 3597 in
515 3546 620 3597 ausoris
640 3544 793 3611 fluitabant,
814 3546 895 3597 ductu
915 3545 947 3596 ab
966 3547 1019 3597 imo
1038 3547 1233 3598 intumescente
1251 3564 1342 3615 neque
1359 3556 1431 3599 tem.

327 3626 432 3685 pestate
450 3632 564 3684 unquam
585 3617 749 3669 considente.
769 3618 829 3669 fleri
848 3617 927 3668 etiam
945 3619 1040 3683 potuit,
1060 3625 1097 3684 ut·
1109 3618 1264 3671 Genucuses
1283 3620 1430 3685 derepente
1511 3665 1512 3678 ,

327 3691 356 3739 in
377 3703 423 3741 eos
444 3704 548 3740 cursum
568 3688 753 3753 intenderent,
779 3690 824 3756 qui
853 3690 904 3739 iam
930 3689 975 3740 diu
1003 3690 1030 3741 id
1058 3689 1172 3757 agebant
1190 3696 1270 3757 atque
1290 3690 1429 3757 parabant,
1511 3685 1512 3692 ’

306 3796 311 3811 .
327 3767 357 3811 ut
376 3773 422 3811 eos
453 3761 524 3813 inter
550 3760 729 3828 navigandum
757 3760 918 3828 defatigatos
944 3760 1119 3813 adorirentur.
1164 3760 1232 3812 haec
1260 3762 1367 3829 quidem
1385 3778 1430 3813 res

328 3830 368 3882 sic
389 3830 496 3885 sefere
515 3830 639 3883 babebat.
677 3840 841 3901 quum‘vero
861 3831 931 3883 baud
949 3832 1048 3885 diutius
1074 3848 1133 3883 eum
1153 3832 1219 3883 mari
1239 3841 1319 3901 atque
1339 3832 1429 3885 ducti.

327 3900 400 3963 bus,
421 3904 586 3967 tempestatis
605 3904 632 3955 vi
651 3918 704 3954 non
723 3904 886 3967 remittente,
906 3903 1053 3955 conflictari
1073 3911 1191 3970 possent,
1211 3906 1317 3957 ancoris
1335 3905 1429 3956 subla-

329 3970 447 4022 tis'inde
466 3974 588 4037 provecti
608 3975 687 4025 tertio
708 3974 751 4026 die
770 3974 819 4028 sub
846 3990 986 4042 vesperam
1014 3976 1089 4026 tarde
1108 3983 1189 4041 atque
1214 3980 1297 4045 aegre
1315 3977 1344 4027 in
1363 3992 1429 4044 por.
1460 4001 1467 4007 -

329 4048 384 4092 tum
402 4040 579 4107 Byzantinum
598 4046 769 4113 navigabant,
790 4055 852 4098 octo
872 4046 1022 4098 triremibus
1042 4046 1166 4098 Romanis
1185 4047 1314 4099 trahendo
1334 4056 1361 4099 et
1378 4050 1429 4100 du.

331 4112 415 4163 cendo
438 4113 578 4181 appulsum
597 4117 623 4167 iu
643 4126 746 4183 portum
763 4118 949 4171 adiuvantibus
968 4125 994 4167 et
1007 4116 1219 4170 sublevantibus.
1233 4134 1325 4171 verum
1338 4120 1430 4185 prius.

330 4198 408 4250 quam
428 4184 754 4251 appellerent,'trircmcs
780 4191 935 4241 Genuenses
960 4189 1075 4239 iamdiu
1103 4190 1137 4240 iis
1156 4190 1297 4242 insidiatae
1315 4199 1429 4257 repente
1511 4243 1512 4252 ,

330 4254 500 4323 adnavigant.
545 4267 626 4327 atque
651 4260 762 4326 primum
790 4261 895 4328 quidem
917 4258 1051 4325 expeditis
1072 4260 1185 4312 navibus
1209 4262 1279 4313 binis
1299 4270 1325 4312 et
1343 4264 1449 4314 ternis·
1511 4275 1512 4308 3

330 4340 363 4377 ex
385 4326 530 4381 intervallo
550 4331 576 4382 in
597 4345 699 4399 puppes
722 4344 813 4383 eorum
831 4329 983 4397 praemissis
1005 4346 1063 4382 cum
1083 4332 1204 4387 omnibus
1223 4332 1338 4387 navibus
1357 4334 1428 4384 omni
