3184 5100
541 373 548 388 ¹
613 321 857 429 amaranto.
964 314 973 332 ’
1211 373 1281 439 π

280 515 455 606 Alterum,
476 522 633 598 codicem
664 525 899 607 Parisienscm
936 533 1049 630 priori
1081 535 1280 634 supplendo

176 681 410 774 comperimus
438 705 457 754 a
484 681 916 784 llridericollostgaardio
938 714 1019 770 esse
1045 716 1093 770 ex
1110 681 1281 772 Vaticano

176 839 409 934 exscriptum,
430 843 640 939 missumque
665 844 823 924 Parisios
848 850 912 924 tali
936 857 1188 952 propemptico.

633 1105 692 1180 ne
706 1073 845 1182 'mrum

352 1283 465 1366 duplex
482 1282 734 1362 ,dodecastiehon
756 1286 907 1352 Friderici
927 1288 1110 1375 llostgpard.

635 1486 830 1495 —n-——-

174 1642 275 1709 Parve
294 1643 384 1726 liber,
408 1662 543 1728 propera
565 1646 723 1735 dominam,
740 1649 917 1733 pertingere
937 1649 977 1714 ad
996 1652 1115 1734 urbem,

261 1746 359 1820 Quam
382 1766 438 1810 rex
458 1747 599 1830 Europae
622 1757 724 1814 terror
746 1768 893 1833 amorque
914 1751 1009 1817 fovet.

177 1851 254 1916 Inde
275 1849 470 1914 verecundus
492 1857 523 1913 tc
546 1867 651 1914 sacras
677 1849 786 1915 confer
807 1854 840 1916 in
862 1852 959 1918 aedes

261 1952 344 2026 Quas
365 1935 434 2017 late'
446 1950 578 2035 Augusti
597 1951 786 2017 bibliotheca
807 1952 916 2034 replet.

148 2056 234 2119 ⁵Par
255 2055 311 2118 tibi
333 2055 478 2118 continuo
499 2038 626 2134 praesto
652 2061 700 2116 cst
719 2055 840 2138 insigne
865 2057 1011 2138 virorum,

254 2156 313 2242 ,tlte
337 2174 422 2220 meus
446 2155 587 2218 Clemens
609 2154 815 2237 Boivinusquc
838 2172 934 2221 meus.

173 2258 332 2320 Alteruter
352 2264 382 2319 te
405 2253 555 2331 deducet3
575 2255 625 2317 vel
647 2255 752 2319 forsan
773 2264 918 2338 uterque:

258 2358 362 2423 Comis
384 2361 465 2422 enirn
488 2364 552 2421 tota
576 2363 623 2420 est
642 2361 725 2421 natio
749 2359 989 2443 Francigenum:
1053 2367 1057 2374 ’

171 2461 210 2524 Et
231 2468 263 2524 te
285 2460 417 2524 'l'ellerio
439 2461 536 2523 sistet.
580 2466 613 2522 tu
634 2467 774 2540 tempora
796 2448 896 2524 fandi*

132 2570 163 2623 10
252 2562 398 2645 Expecta,
421 2570 451 2625 et
470 2564 561 2625 venia
584 2560 704 2625 dissere
724 2580 824 2643 pauca
846 2562 926 2628 data.

171 2667 229 2729 Dic
250 2686 269 2731 a
292 2684 351 2747 quo
373 2669 484 2731 missus
506 2668 624 2747 venias,
650 2674 680 2729 et
701 2684 791 2747 quarn
813 2683 1050 2748 memoresque

255 2769 377 2832 Mittens
400 2768 526 2832 Tellerii
548 2770 673 2831 nomina
696 2775 803 2831 sancta
824 2769 915 2831 colat.

170 2870 286 2951 Nempe
308 2869 434 2933 iubente
455 2867 506 2933 illo
529 2871 631 2932 cuncti
651 2877 780 2949 patuere
802 2886 946 2933 recessus

254 2972 332 3034 Dum
354 2978 406 3035 tua
427 2990 488 3052 me,
512 2970 598 3035 dives
615 2971 766 3051 Sequana,
786 2973 854 3051 ripa
874 2978 967 3052 tenet,

131 3074 159 3125 15
168 3072 338 3156 Utiliusquc
360 3074 462 3138 datum
484 3082 531 3138 est
554 3075 673 3159 regalia
694 3081 775 3137 tecta
796 3075 901 3138 subire

252 3176 455 3257 Millcnosque
474 3177 561 3239 libris
585 3174 763 3260 invigilasse
788 3173 866 3239 dies.
919 3211 921 3216 ,

166 3277 224 3339 Dic
244 3294 301 3359 pro
324 3284 371 3341 tot
390 3280 517 3358 meritis,
543 3294 602 3359 qua
620 3276 683 3340 late
706 3276 881 3341 extenditur
901 3276 1001 3358 orbis,
1041 3329 1043 3335 .

252 3377 376 3441 Tellerii
397 3377 506 3442 laudes
528 3398 577 3441 mc
599 3382 767 3460 praecunte
790 3380 879 3458 cani,
963 3443 965 3446 ,

167 3480 313 3560 Quaeque
336 3499 425 3544 meae
450 3487 580 3543 renuunt
600 3486 709 3543 tenues
731 3480 910 3560 persolvere
927 3479 1028 3559 evites,

128 3578 156 3630 20
250 3582 308 3646 Pro
331 3600 381 3645 me
402 3582 557 3646 Musarum
578 3580 712 3645 reddere
733 3579 814 3643 velle
837 3580 974 3645 chorum.

164 3683 263 3747 Unum
285 3683 347 3747 hoc
366 3682 459 3763 adde,
481 3684 570 3763 liber,
594 3701 656 3746 non
676 3691 706 3745 te
726 3700 783 3764 pro
808 3700 935 3746 munere
956 3681 1043 3760 mitti,

247 3784 310 3851 Sed
333 3784 385 3848 fidi
407 3789 517 3869 pignus
540 3783 643 3851 cordis
665 3791 696 3847 et
716 3786 867 3864 obsequii.

160 3886 199 3949 Et
223 3885 346 3951 dabitur
367 3888 483 3968 forsan,
508 3889 535 3951 si
560 3886 696 3949 crederis
716 3887 799 3948 utilis
820 3884 884 3964 ulti,
991 3898 1002 3907 ’

246 3987 378 4072 Augusti
400 3990 432 4051 in
454 3986 560 4051 torulis
582 3995 616 4049 ut
636 3988 755 4069 potiare
776 3984 859 4049 loco.

290 4141 444 4222 Scriptum
465 4138 580 4205 Romae
602 4156 630 4202 a.
656 4136 685 4201 d.
709 4136 795 4201 XXll
817 4136 890 4202 llaii
911 4136 1101 4202 MDGXClX
1164 4194 1168 4201 ,

572 4276 832 4294 ’.μ-...ι--ῌ
