3184 5100
274 409 498 482 msronrtn
522 409 780 482 macunen
807 412 933 482 υκαι.
954 396 1145 486 to-ti.
1206 401 1278 484 rto

171 576 349 661 καδίλφην,
374 581 448 644 stes
466 599 501 642 ιι
522 569 625 642 udum
647 575 695 644 ἔτι
719 570 866 662 κδκείνην
890 581 947 645 καί
965 575 1036 660 δμα
1057 577 1202 666 δδελφὴν
1222 580 1281 644 τοῦ

99 751 104 760 ,
173 682 240 744 ιόν
259 676 387 744 Moesis
402 677 550 762 ἡγεμόνος
568 677 793 764 Ἀλεξάνδρου.
847 685 948 746 rodco
963 685 1008 771 ιηῖ
1025 683 1345 769 ΚανεακουζηνηῖΙΙ

172 777 316 864 μαθόντι
350 783 393 870 κρῖ
415 786 547 864 βασιλεῖ
567 781 710 848 θανάτου
733 778 836 868 φάναι
869 784 974 870 nollo?
995 785 1201 866 ιιικρσιίρσυς
1223 809 1281 848 κα-

172 885 255 967 θῆκε
284 879 409 969 φδβους
441 889 506 959 ταῖς
536 889 714 967 λογισμοῖς·
772 882 828 948 καί
856 884 1053 966 ααραλαβοδν
1078 877 1199 951 Ἀνναν
1224 881 1282 970 ιῆν

147 987 298 1052 δίκείνσο
320 989 462 1068 μητέρα,
491 990 687 1070 ιηρσυμδνην
716 989 793 1062 ιέοις
821 983 856 1050 ἓν
881 985 1062 1074 Βυζαντίῳ,
1084 989 1117 1060 sc
1139 983 1198 1069 ιη”ν
1216 989 1281 1052 τῶν

175 1079 300 1167 δδηγόν
337 1082 433 1172 αἰνῄει
459 1085 579 1170 μονήν,
612 1085 708 1151 scisci
738 1090 795 1171 τῆς
822 1092 915 1162 derha
950 1085 1069 1162 είκδνος
1100 1085 1282 1171 ἔμπροσθεν

174 1185 292 1253 αδείκα
311 1184 400 1266 μάλα
422 1184 538 1254 δαίσειν
567 1188 770 1271 διιισχνεῖιαι
800 1189 845 1278 τῷ
870 1191 989 1274 ιαδιης
1008 1191 1067 1268 μδν
1090 1186 1171 1274 vici,
1195 1213 1282 1270 γαμ-

171 1291 243 1376 βρηῐ
266 1290 302 1352 dd
325 1287 443 1372 αδισδ,
475 1286 528 1353 ιδν
561 1283 685 1356 δίνιανια
709 1293 825 1374 κλῆρον
845 1292 901 1375 τῆς
924 1288 1108 1371 βασιλείας,
1131 1289 1281 1377 α’φεμδνηι

173 1392 236 1470 μδν
258 1385 317 1464 τίς
338 1393 396 1454 rod
420 1390 536 1476 Κρδλη
557 1391 719 1475 συνθήκας
739 1394 879 1472 δκείνιις,
901 1388 1069 1477 ἐληλυθότι
1102 1393 1132 1454 δ’
1154 1392 1188 1466 ἐς
1209 1395 1281 1456 Βυ-

129 1513 163 1568 10
174 1486 303 1570 ζοῖνεισν
324 1489 428 1566 ιδθδς
456 1487 542 1574 ιιαριί
571 1489 630 1578 τὴν
662 1492 795 1575 νόμιμον
823 1493 977 1578 ου’ζυγον,
1007 1491 1103 1566 αυίδς
1133 1494 1169 1556 δὲ
1191 1494 1281 1557 δυοῖν

172 1595 321 1675 θάτερον,
346 1586 366 1678 ἢ
388 1595 432 1682 τρῖ
446 1598 613 1683 Βυζαντίῳ
635 1593 690 1660 διδ
712 1598 786 1677 βίον
807 1598 1016 1678 ἐνδιατρίβων
1034 1597 1208 1677 βασιλικῶς
1225 1591 1282 1658 καί

172 1693 275 1770 αδεδς
296 1692 337 1758 εδ
354 1697 453 1778 μέχρι
465 1699 673 1780 Σηλυμβρίας
691 1700 840 1762 ἐντεῦθεν
861 1700 991 1762 διοικεῖν
1009 1697 1180 1779 πράγματα
1198 1675 1278 1759 καιδ

172 1792 301 1880 γνοδμην
316 1798 376 1859 τοῦ
388 1800 547 1880 γαμβροῦ,
570 1790 668 1882 ἢτδν
690 1797 825 1881 ἡσύχιον
847 1793 995 1880 δλδμενσς
1010 1799 1065 1861 καί
1085 1797 1277 1878 α’σριίγμσνα

171 1901 243 1978 βίον
264 1894 344 1963 οἴκοι
364 1901 540 1982 καθῆσθαι.
590 1902 646 1964 καί
673 1891 741 1979 δι’μα
771 1896 930 1984 ἔγγραφον
959 1906 1031 1963 ταῖν
1050 1905 1159 1980 χεροῖν
1180 1895 1280 1978 αδιῇς

131 2017 162 2072 15
173 1999 309 2066 διετίθει
329 1999 388 2082 τὴν
407 2001 534 2086 γνοδμην
556 2001 826 2086 φρικωδεσεδιοις
849 1993 956 2081 δρκοις
979 2001 1222 2085 ἠσφαλισμένην
1243 2017 1278 2060 ει

171 2101 229 2164 καί
250 2099 507 2184 α’νιαραλδγισιον
528 2099 588 2185 ιη“ν
609 2100 786 2184 διιδραγνον
802 2097 985 2184 θεομηισρα
1008 2103 1278 2184 προβαλλομένοις

171 2197 336 2284 ίγγοητην.
387 2197 407 2286 ἢ
435 2204 466 2266 δ’
494 2201 597 2277 edric
628 2202 775 2266 διιισιεῖν
795 2204 923 2290 ον’δσμῇ
950 2201 1070 2284 ἔχουσα
1096 2197 1136 2264 ια’
1158 2223 1193 2264 τι
1216 2203 1280 2264 cois

172 2294 276 2376 οδεοις
297 2301 434 2384 ίχδνιιον
456 2301 625 2390 ίγγρδφοιν
649 2297 752 2386 δρκιον
772 2307 883 2385 βιβλία
897 2299 1035 2386 εἰλήφει,
1057 2300 1114 2365 καί
1131 2294 1199 2380 ἅμα
1222 2296 1279 2387 δλη

170 2403 298 2490 σπουδῇ
320 2405 532 2470 κατέπλευσεν
555 2408 587 2480 ic
610 2405 864 2490 Θεσσαλονίκην,
894 2406 990 2470 κε’κιῖ
1015 2406 1060 2491 roi
1090 2401 1150 2490 υὶιβ
1169 2399 1210 2465 ειὶ
1233 2400 1282 2465 εί-

129 2500 249 2579 cosdro
270 2500 451 2589 ιδμιληκυῖα
472 2503 528 2571 καί
544 2502 619 2583 ιοδς
635 2504 808 2593 φρικώδεις
831 2507 972 2584 ε’κείνους
995 2506 1202 2591 ε’μφανίσασα
1224 2495 1281 2586 δρ-

171 2627 266 2689 κοος,
293 2608 357 2671 sois
380 2608 440 2671 εοδ
462 2606 578 2693 Κρδλη
605 2610 774 2693 συνθηκῶν
803 2611 917 2683 selduc
943 2608 1148 2689 αἰιοσγίσθαι
1170 2605 1282 2667 uiues·

172 2728 228 2771 κεν
248 2701 359 2784 sidric.

281 2812 408 2878 Τοδεαν
427 2811 456 2876 δ’
482 2804 567 2879 αδιιο
597 2815 773 2897 γενομίνιον
801 2802 918 2900 ἧκινδ
952 2810 1175 2894 Παλαιολδγις
1200 2800 1347 2895 ἄχρι».

176 3075 251 3125 essct
267 3067 329 3123 data
346 3067 450 3135 obside,
470 3067 556 3125 Graiis
574 3070 667 3125 uxoris
682 3084 804 3125 sororem
817 3070 846 3122 in
860 3068 1056 3123 matrimonium
1076 3067 1197 3133 duceret,
1219 3067 1279 3120 vir.

195 3144 267 3195 inem
294 3148 382 3194 aetate
410 3141 527 3195 nondum
561 3144 677 3196 adultam
704 3150 732 3197 et
755 3144 890 3211 llysorum
918 3140 994 3192 ducis
1012 3139 1159 3193 Alexandri
1187 3139 1278 3191 liliam.

174 3160 248 3267 διιεσ
267 3228 346 3283 quum
365 3214 516 3281 accepisset
538 3232 587 3269 rex
606 3216 810 3271 Cantacnaenus
838 3221 923 3266 morta
944 3220 973 3264 ut
991 3212 1029 3262 tta
1050 3211 1133 3261 dicam
1153 3212 1280 3263 acerbio-

173 3300 221 3340 res
240 3300 322 3337 curuo
349 3286 462 3337 animum
482 3288 539 3339 eius
568 3289 731 3341 invaserunt.
780 3285 938 3354 Palaeologi
964 3290 1082 3337 anatrem
1108 3285 1211 3335 Annam
1231 3282 1280 3333 illo

175 3368 299 3425 tempore
318 3357 441 3425 Byzantii
461 3360 617 3411 custoditam
635 3360 751 3413 accersit
770 3368 797 3412 et
818 3374 876 3411 cnm
897 3356 1128 3424 haeliodegorum
1143 3360 1280 3405 monaste.

175 3432 245 3483 rium
264 3429 328 3481 adit.
366 3429 410 3481 hic
434 3439 497 3482 ante
521 3442 630 3484 sanctae
654 3434 745 3485 matris
772 3430 943 3483 simulacrum
970 3427 1045 3479 illico
1074 3442 1104 3478 so
1129 3424 1203 3477 illius
1224 3424 1280 3476 lilio

177 3516 283 3569 suoque
302 3514 404 3570 genero
425 3508 545 3554 cunctam
564 3520 652 3556 rerum
668 3504 924 3556 administrationem
942 3500 1096 3552 traditurum
1116 3512 1176 3549 esse
1196 3495 1281 3562 polli-

177 3580 271 3637 cetur,
296 3574 319 3625 si
342 3572 429 3627 Cralis
456 3583 562 3643 pactum
589 3576 637 3629 ille
657 3576 779 3629 solveret
806 3584 833 3627 et
855 3573 1011 3643 Byzantium
1037 3575 1221 3622 reverteretur
1248 3568 1282 3619 ad

176 3658 289 3699 uxorum
310 3644 464 3707 legitimam.
507 3646 683 3717 sibimetipsi
704 3663 769 3700 vero
801 3646 894 3699 luorum
921 3643 1077 3695 alterutrum
1096 3640 1217 3709 expetit:
1236 3647 1282 3692 aut

175 3727 207 3771 ut
225 3717 350 3783 Byzantii
372 3732 431 3769 cum
450 3718 524 3771 victu
544 3726 570 3770 et
591 3720 664 3773 cultu
683 3721 759 3790 regio
780 3727 895 3773 aetatem
917 3730 1000 3786 agere
1018 3722 1055 3781 ‘et
1072 3728 1158 3783 usquc
1178 3712 1210 3763 ad
1229 3710 1282 3763 Sc.

176 3788 319 3857 lymbrism
340 3804 374 3841 ex
392 3791 487 3858 generi
507 3804 701 3845 consensuros
721 3792 922 3854 administrare,
941 3795 987 3840 aut
1006 3786 1076 3857 qnod
1095 3784 1227 3853 reliquum
1247 3784 1283 3835 sit

176 3864 253 3914 vitae
271 3860 343 3911 domi
362 3862 390 3913 in
409 3864 465 3915 otio
490 3878 523 3915 ac
542 3865 633 3931 quiete
658 3880 740 3934 agere
767 3863 818 3915 sibi
846 3862 1016 3913 concedatur.
1060 3857 1183 3927 hancque
1208 3872 1282 3909 suam

176 3933 339 3986 sententiam
358 3934 530 3987 iureiurando
555 3936 705 3988 drimssimo
737 3944 763 3987 et
788 3942 858 3987 teste
876 3930 1018 3986 verissimo
1044 3930 1211 3982 sanctissima
1239 3928 1283 3980 dei

176 4012 263 4057 matrs
280 4005 407 4057 sancitam
417 4004 524 4058 litteris
543 4007 648 4060 mandat
667 4016 693 4059 et
706 4008 800 4061 Annae
818 4006 907 4059 tradit
944 4004 1011 4056 haec
1023 4011 1111 4055 autem
1131 4002 1202 4053 omni
1220 4016 1282 4052 sus.

176 4077 287 4145 piciens
307 4074 412 4129 abiecta
430 4077 535 4131 litteras
549 4094 607 4131 cum
623 4080 795 4131 iureiurando
814 4078 864 4131 illo
883 4079 988 4145 accepit
1007 4082 1034 4127 ct
1052 4090 1128 4144 qnam
1149 4075 1283 4125 ocissume

176 4148 320 4217 navigavit
341 4148 567 4203 Thessalonicam.
604 4150 650 4202 ubi
669 4164 748 4219 quum
768 4148 826 4201 lilio
845 4150 997 4219 quassatis
1019 4155 1095 4199 eraut
1113 4144 1283 4213 exposuisset

175 4228 207 4271 et
225 4218 402 4273 firmissimum
422 4220 489 4275 illud
506 4222 687 4276 iusiurandum
700 4220 861 4289 tradidisset,
881 4220 962 4275 facila
981 4235 1040 4272 cum
1059 4227 1089 4271 ut
1099 4217 1184 4273 Graiis
1202 4222 1281 4284 pacto

177 4292 337 4355 abstineret,
355 4294 497 4359 pennesit.

279 4378 329 4436 llis
346 4380 384 4433 itu
403 4380 480 4439 iretis
504 4382 682 4458 Palaeologus
707 4382 819 4456 propius
844 4380 1060 4453 llidymotiotum
1086 4378 1224 4452 protomus
1241 4373 1283 4431 asi
