3184 5100
265 414 488 488 msronrtu
517 417 775 488 suetonum
798 425 910 489 xxvi.
944 403 1130 492 tit-89.
1189 401 1266 492 ’τοο

161 588 237 667 ραῖς
260 584 332 647 ruis:
355 579 503 666 ύπηκύονν
525 583 733 668 κηδεμονικῶς
762 587 996 667 καμπτομένοις
1024 587 1059 652 έν
1079 585 1268 652 ταπεινώσει

161 687 284 767 γίνεται
304 687 438 768 καρδίας
459 681 581 759 τούτοις
595 686 817 750 έπικαλεῐσθαι
838 683 892 750 τύκ
913 687 1032 768 κύριον,
1053 685 1186 764 τούτους
1209 688 1268 771 δή.

163 789 287 848 πουθεν
323 787 485 868 οἰκτειροιν
505 787 662 850 ἐνταυθοῖ
678 785 757 851 κατά
780 785 816 850 τύ
847 789 901 870 τῆς
923 787 1028 864 αι’τίας
1050 790 1163 854 δίδωσι
1185 788 1269 854 πάσ-

161 909 233 968 χειν
257 882 429 970 ἀνάλογον,
463 887 501 950 ἵν’
533 889 563 961 ές
587 885 623 950 τύ
646 891 761 968 μέλλον
790 890 853 974 σχῇ
874 891 1073 974 κουφοτέραν
1094 893 1151 975 τὴν
1170 889 1268 956 κόλα-

139 1004 224 1057 5σιν.
268 989 299 1052 εἰ
326 989 356 1050 δ’
378 983 478 1061 αἴτιος
506 990 565 1067 μὲν
587 989 642 1071 τῆς
676 981 751 1072 ὅλης
782 987 833 1072 εἴη
854 993 966 1065 κακίας
987 988 1137 1072 καθάπαξ
1160 989 1268 1078 αύτύς,

164 1090 204 1152 δι’
227 1085 266 1172 ἣν
290 1093 322 1163 ές
346 1087 474 1172 φθοράν
504 1087 661 1182 ὁλοσχερῆ
696 1088 730 1152 τό
754 1087 895 1173 ύπήκοον
916 1095 1153 1176 καταφέρεται,
1173 1089 1268 1158 ἔπειτ’

164 1187 264 1264 αύτύς
287 1187 458 1273 α’νάλγητύς
475 1214 508 1253 τε
528 1192 633 1272 μένων
651 1189 706 1254 καί
727 1188 842 1273 ἥκιστα
863 1202 934 1267 ταῖς
956 1190 1119 1268 τοιαύταις
1139 1215 1271 1279 συμφο-

164 1301 236 1376 ραῖς
260 1287 339 1374 μήτε
361 1287 597 1371 καμπτόμενος,
616 1291 697 1374 μήτε
719 1291 783 1374 μὴν
805 1293 873 1356 orld'
894 1285 972 1376 ἄχρι
993 1295 1050 1357 τού
1072 1297 1267 1377 φαινομένου

163 1388 370 1472 συμπάσχειν
395 1389 555 1472 ὁρώμενος
576 1387 755 1474 σχήματος,
784 1387 893 1457 ἔπειτα
912 1391 1038 1474 μακρὸν
1062 1394 1096 1472 έξ
1119 1394 1269 1472 άπυνοίας

126 1495 219 1562 toral
241 1495 346 1578 τύφου
367 1493 399 1556 έν
422 1493 514 1578 ψυχῇ
537 1493 738 1574 περιθάλπει,
761 1495 921 1574 δικαίωμα
939 1495 998 1560 τού
1018 1491 1064 1579 μή
1087 1495 1186 1580 δῆθεν
1208 1497 1270 1560 αύ-

162 1591 217 1658 τόν
239 1591 441 1674 άμαρτεῖντύ
464 1592 507 1674 μὴ
530 1592 665 1675 πάσχειν
682 1591 837 1675 οἰόμενος,
859 1595 963 1683 τούτιρ
984 1591 1101 1672 πάντας
1114 1597 1183 1660 έκεί
1196 1595 1269 1674 τούς

162 1700 218 1778 τῆς
241 1697 329 1778 δίκης
349 1694 502 1778 λαμπρούς
521 1691 668 1774 ταμιεύει
688 1699 883 1779 πρηστῆρας.
926 1697 1008 1780 μηδὲ
1027 1692 1090 1779 γάρ
1110 1689 1190 1760 εἶναι
1213 1695 1335 1780 roim
1437 1775 1441 1783 1

163 1796 305 1859 ἐνταῦθα
325 1790 457 1858 κύλασιυ
472 1793 664 1876 ἀποχρῶσαν
686 1789 770 1858 ούταν
789 1793 940 1878 μεγάλοις
958 1798 1014 1859 καί
1034 1794 1269 1878 παρανομωτά-

163 1883 230 1970 τοις
254 1899 451 1974 πταίσμασιν
475 1897 640 1978 α’σεβείας,
666 1888 703 1979 ἧς
725 1895 781 1972 τάς
805 1897 894 1972 ύίκας
916 1898 1012 1972 αύτύς
1032 1897 1065 1960 θ’
1087 1890 1167 1979 ύπὲρ
1190 1890 1269 1961 ἑαυ-

127 2000 222 2061 15τυύ
245 1994 452 2080 α’φλισκάνει,
481 1995 536 2060 καί
557 1991 624 2078 άμοι
657 1991 736 2078 ύπέρ
770 1998 828 2060 τού
848 2000 910 2060 τοῖν
933 1989 1077 2079 ύπρκύοον
1107 1998 1149 2060 δι’
1171 1993 1269 2060 αύτύν
1337 2019 1343 2029 ·

165 2097 366 2172 α’πολυυλύτος
385 2098 548 2182 πλήθους·
592 2101 738 2178 ποιμένος
760 2095 820 2182 γάρ
842 2091 1069 2182 ἀνειλημμένος
1086 2093 1204 2180 ζτύπον,
1222 2099 1267 2180 μὴ

162 2196 262 2280 μύνον
287 2200 326 2261 ού
348 2203 514 2282 πεποίηται
542 2197 599 2282 τὴν
629 2197 853 2282 ἁρμόττουσαν
877 2201 920 2285 τῷ
949 2203 1083 2286 ποιμνίιρ
1106 2197 1268 2285 πρόνοιαν,

164 2297 244 2366 άλλά
268 2302 321 2364 καί
343 2302 469 2385 φθοράς
503 2300 591 2388 αύτῷ
614 2299 972 2381 προσεπτύαψιλεύσατο
994 2296 1155 2384 τρόπους,
1175 2298 1269 2374 λύκος

166 2405 238 2468 cluss*
259 2397 437 2486 προστάτου
460 2404 514 2466 καί
543 2404 688 2484 ποιμένος
710 2406 833 2488 φανείς.
887 2399 992 2466 ἔπειτα
1015 2397 1083 2466 odo’
1110 2396 1187 2483 ἦμέν
1210 2400 1268 2464 άν-

122 2507 308 2589 λθθριύπυις
330 2494 420 2569 ούσιν
445 2504 566 2591 elericos
589 2500 645 2587 τήν
668 2505 702 2569 έν
732 2497 968 2588 ὄτουύρποτυύν
998 2497 1105 2589 ἒτέροο
1129 2494 1267 2587 κρυπτο-

162 2614 260 2691 μένην
283 2608 307 2645 “
328 2608 444 2696 καρδίρι
475 2607 585 2671 κακίαν
608 2601 630 2690 ἢ
653 2598 770 2689 ύρετῆν
802 2601 884 2691 πλήν
907 2599 981 2671 ὅσον
1009 2607 1044 2671 ἐκ
1065 2608 1128 2671 ταῖν
1147 2602 1267 2685 ἔξωθεν
1278 2617 1297 2670 i.
1310 2617 1361 2674 120
1370 2615 1397 2672 b.

161 2708 339 2794 σχημάτων
360 2711 414 2773 καί
433 2705 615 2794 χρωμάτων
637 2710 695 2773 τοῦ
714 2733 748 2773 τε
769 2702 872 2792 ἤθους
893 2711 949 2775 καί
971 2712 1035 2775 τάν
1056 2712 1157 2793 λόγων
1178 2708 1268 2774 είκα-

165 2988 334 3057 expcrientia
360 2995 496 3059 uteunque
523 3003 573 3041 nos
592 2990 714 3056 edocuit,
740 2990 861 3043 dominus
885 2991 919 3042 iis
944 2990 1125 3059 principibus,
1150 2990 1268 3059 quinon

166 3061 238 3113 omni
260 3068 387 3129 exparte
410 3076 514 3112 causam
533 3068 613 3129 atquo
638 3060 775 3114 licentiam
792 3060 969 3128 improbitatis
993 3062 1132 3126 dederunt,
1155 3060 1268 3114 calami.

164 3132 265 3187 tatibus
289 3140 378 3183 autem
402 3132 582 3184 subiectorum
606 3132 726 3185 sollicite
750 3132 813 3184 flexi
833 3134 861 3183 in
889 3131 1074 3184 humiliatione
1098 3134 1187 3185 cordis
1207 3148 1267 3185 eum
1363 3173 1368 3180 .

164 3208 303 3269 invocant,
322 3219 371 3271 pro
391 3206 496 3256 ratione
521 3220 617 3257 causae
642 3206 826 3257 misericordia
851 3218 943 3256 eorum
969 3211 1105 3271 permotus
1135 3204 1267 3272 supplicia

162 3279 209 3330 hic
230 3276 354 3345 infligere
373 3276 496 3340 videtur,
517 3292 569 3345 quo
590 3277 781 3343 expeditiorem
801 3278 829 3327 in
849 3276 965 3328 iuturum
990 3275 1087 3326 babent
1104 3276 1266 3345 castigatio.

161 3344 236 3402 nem!
273 3349 314 3399 sin
334 3354 421 3398 autem
440 3348 575 3415 princeps,
595 3362 751 3417 quamquam
771 3349 857 3400 omnis
876 3346 1063 3415 improbitatis,
1083 3361 1135 3414 qua
1152 3346 1186 3398 ad
1204 3344 1266 3413 pla.

160 3436 223 3473 num
244 3418 390 3487 perniciem
410 3418 523 3470 subiecti
551 3420 734 3484 detruduntur,
763 3419 949 3471 solus-auctor
974 3427 1023 3483 est,
1042 3432 1096 3470 non
1115 3418 1193 3469 modo
1213 3417 1266 3467 mi.

162 3507 242 3546 serae
264 3498 290 3541 et
310 3490 426 3542 afflictae
446 3505 536 3542 eorum
555 3491 677 3543 fortunae
696 3492 832 3543 duriorem'
858 3506 888 3543 se
905 3490 1017 3558 praebet
1040 3504 1129 3558 neque
1147 3489 1266 3557 speciem

162 3564 271 3634 quidem
297 3578 344 3613 eos
368 3563 577 3614 commiserantis
601 3577 665 3629 prae
693 3577 723 3613 se
749 3562 811 3626 lert,
836 3578 929 3614 verum
951 3563 1030 3613 etiam
1048 3561 1145 3613 iustum
1164 3575 1198 3611 ex
1215 3561 1266 3613 de·

162 3636 265 3688 mentia
284 3634 335 3685 sibi
353 3634 433 3685 sumit
449 3633 599 3698 arbitratus,
617 3634 643 3685 id
653 3634 807 3687 testimonio
827 3648 897 3697 esse,
916 3648 946 3685 se
965 3647 1018 3684 non
1035 3647 1174 3699 peccasse,
1194 3630 1266 3699 quod

154 3710 224 3775 ipsc
243 3708 271 3757 in
290 3706 416 3757 adversas
434 3721 478 3757 res
496 3721 550 3757 non
569 3706 688 3770 incidat,
709 3705 772 3757 huic
791 3719 884 3757 omues
902 3704 961 3757 illic
979 3704 1099 3756 turbines
1117 3704 1212 3771 igneos
1232 3702 1267 3753 ad

161 3792 277 3846 poenam
296 3786 426 3829 reservat.
463 3792 517 3828 non
537 3778 606 3827 euim
626 3778 725 3829 suflicit
742 3776 921 3844 supplicium,
943 3775 1013 3843 quod
1030 3774 1075 3826 bic
1094 3774 1180 3843 infligi
1199 3788 1266 3842 pos.

161 3853 209 3913 sit,
230 3856 283 3899 tam
301 3850 405 3916 magnis
422 3856 502 3917 sique
520 3847 664 3909 audacibus
683 3848 841 3912 sceleribus,
860 3862 972 3916 quorum
992 3861 1091 3914 poenas
1106 3854 1221 3915 propter
1236 3858 1267 3896 se

160 3922 243 3974 debet
262 3928 288 3971 et
305 3928 415 3987 propter
432 3920 628 3973 multitudinem
651 3920 831 3973 subiectorum
850 3934 898 3971 sua
928 3918 1008 3985 culpa
1027 3918 1264 3987 pessumdatorum.

161 3993 281 4046 oiiicium
302 3993 371 4043 enim
385 3993 498 4058 pastoris
518 3993 627 4043 sortitus
642 4007 695 4043 non
715 3991 801 4045 solum
819 4006 874 4043 non
889 3990 982 4042 babuit
995 4006 1083 4043 curam
1102 3989 1180 4059 gregi
1199 4002 1267 4041 con-

160 4066 327 4127 venientem,
352 4079 445 4115 verum
468 4064 546 4115 etiarn
565 4063 710 4130 pernicicm
737 4065 762 4113 ei
782 4063 892 4129 profuse
910 4060 1018 4127 attulit,
1037 4070 1138 4113 utnon
1157 4060 1267 4128 praeie-

160 4144 221 4189 otns
241 4136 298 4187 eius
317 4142 398 4203 atque
416 4142 523 4202 pastor,
545 4136 593 4187 scd
620 4133 698 4199 lupus
717 4134 862 4186 videretur.
906 4149 999 4185 verum
1018 4133 1096 4185 nobis
1115 4130 1267 4183 bominibus

158 4206 357 4274 improbitatem
380 4214 426 4258 aut
450 4207 574 4259 virtutem
598 4206 625 4257 in
652 4204 763 4257 alterius
793 4206 976 4273 cuiuscunque
1003 4206 1084 4257 corde
1104 4202 1268 4255 reconditam

160 4281 291 4331 duntaxat
312 4278 441 4331 haetenus
467 4293 633 4347 cognoscere
653 4275 733 4340 licet,
754 4284 783 4328 ut
803 4292 837 4328 ex
855 4285 966 4329 externo
988 4274 1080 4328 habitu
1099 4290 1131 4327 ac
1149 4271 1267 4336 moribus

160 4350 309 4420 verbisque
335 4349 448 4403 obscura
471 4350 599 4419 quaedam
629 4349 727 4403 iudicia
746 4348 994 4423 [deprehendamus.
1037 4355 1151 4400 attamen
1170 4338 1215 4397 vel
1234 4353 1268 4392 ex
