3184 5100
288 400 514 471 dissonus
535 401 792 473 summitate
809 406 907 471 xxx.
922 388 1068 473 tit-t
1076 391 1112 475 t.
1181 402 1256 473 att

155 582 209 625 ναι
231 570 295 638 τοῖς
317 567 586 647 παραδεδομέναις
609 561 671 629 dud
693 569 749 631 τοῦ
765 562 1015 650 πνεύματος-μά
1036 568 1112 649 παρ’
1133 560 1255 633 ἑαυτοῦ
1302 566 1304 570 ’

155 668 395 748 φιλοτιμεῖσθαι
407 674 614 747 καινοτομεῖν,
638 664 719 732 άλλά
741 676 806 742 τοῖς
819 673 1141 751 προκατηγγελμένοις
1164 665 1252 751 παρά

153 764 214 827 τάν
236 761 335 847 άγίων
363 767 610 851 ἐφησυχάζειν.”
659 766 675 831 d
712 769 747 831 δέ
776 766 832 851 τὴν
862 771 1006 850 γλῶτται
1029 772 1172 852 χρυσοῦς
1197 767 1253 833 καί

155 863 250 939 αιίτδς
271 864 388 946 ὁμοίως
406 866 464 932 “ἐν
484 877 552 943 ταῖς
574 872 698 943 θείαις”
722 866 804 953 φησί
817 867 980 954 “γροφαῖς
1006 868 1084 933 tera
1107 866 1141 931 ἓν
1161 862 1181 952 ἢ
1198 893 1251 933 κε-

128 964 250 1049 5ραίαν
271 969 347 1048 μίαν
380 972 603 1053 παραδραμεῖν
635 970 691 1034 οάκ
712 970 864 1054 α’ζὴμιον,
885 964 964 1034 ὥστε
994 967 1097 1035 πάντα
1126 972 1280 1054 δωρον--

154 1069 275 1133 νιῖσθαι
291 1069 386 1153 χρή.”
440 1067 574 1152 άκὴκοας
602 1074 632 1135 δ’
659 1065 840 1154 οίμαιπρὸ
870 1072 1008 1154 βραχέος
1038 1072 1177 1135 ἐνταῦθα
1199 1071 1253 1137 καὶ

154 1171 186 1234 Γ
184 1171 334 1253 ρηγορίου
356 1174 414 1235 τοῦ
436 1169 569 1256 Νάσσης
586 1168 662 1238 “did
686 1172 723 1239 τδ
748 1178 789 1261 τῇ
810 1171 962 1260 σαρκίνη”
984 1168 1253 1259 φάσκοντος“πε-
1346 1222 1352 1234 ,

153 1273 267 1357 ριβολῇ
288 1271 346 1355 τὴν
368 1270 467 1357 φάσιν
480 1273 571 1357 ἦμάν
585 1272 826 1357 περιείργεσθαι
839 1276 1070 1357 φανερωθῆναι
1090 1278 1152 1340 τάν
1173 1273 1254 1357 ἦμε-

156 1374 256 1455 τέρων
277 1379 335 1435 τοῦ
359 1376 415 1468 νοιῖ
445 1377 626 1460 κινημάτων
647 1374 691 1461 μη“
717 1378 924 1456 δυναμένων,
947 1369 1127 1457 ἀναγκαίως
1147 1375 1253 1440 καθά-

110 1482 213 1554 1θτιερ
235 1481 351 1555 σημεῖα
379 1482 442 1549 τοῖς
475 1477 641 1558 πράγμασι
673 1473 729 1551 τάς
759 1473 853 1551 ποιάς
881 1479 944 1540 τάν
964 1475 1124 1555 ὀνομάτων
1145 1478 1252 1553 θέσεις

155 1574 388 1657 ἐπιβάλλοντες,
411 1578 452 1639 δι’
477 1580 603 1642 ἐκείνων
625 1574 683 1653 τάς
706 1579 763 1641 τοῦ
783 1579 844 1641 νσιῖ
865 1571 1002 1660 κινήσεις
1023 1574 1173 1659 ἀλλήλοις
1195 1580 1254 1662 δη·

153 1670 365 1755 μοσιειίομεν·
408 1678 463 1741 καί
482 1676 594 1743 τούτου
616 1673 713 1761 χάριν
734 1680 777 1765 τῷ
791 1680 851 1758 μέν
870 1702 931 1741 τινι
952 1680 1015 1741 τιάν
1033 1669 1133 1741 ὄντων
1153 1668 1253 1759 ὄνομα

154 1772 290 1858 οὐρανὸν
312 1778 454 1857 ἐθέμεθα
469 1775 596 1867 ,ἑτέρῳ
630 1782 664 1843 δὲ
687 1784 744 1869 γῆν
767 1783 820 1843 καί
845 1771 929 1867 άλλη)
952 1770 1027 1843 ἄλλο
1048 1803 1098 1843 τι.
1142 1780 1196 1843 καί
1216 1778 1372 1849 rdditir.

153 1878 235 1961 πρός
253 1901 284 1941 τι
306 1882 372 1955 πῶς
393 1876 478 1962 ἔχειν
501 1876 522 1963 η’“
543 1879 578 1967 sd
601 1884 739 1964 ἐνεργεῖν
755 1874 783 1961 ἢ
802 1879 837 1943 τδ
858 1881 1004 1962 πάσχειν,
1023 1881 1125 1945 ταῦτα
1146 1878 1252 1947 πάντα

110 1990 142 2045 15
153 1977 355 2056 ἰδιαζούσαις
378 1982 657 2065 έπισημαινόμεθα
679 1990 751 2055 ταῖς
775 1988 906 2067 φωναῖς,
928 1979 969 2055 τάς
990 1975 1030 2044 iis
1049 1980 1094 2064 μη
1118 1980 1253 2045 άκοινά-

153 2078 248 2162 νηῑός
280 2102 313 2144 τε
351 2084 405 2145 κατ’
433 2074 589 2165 άγνωστος
622 2081 641 2165 ἤ
671 2084 729 2149 τοῦ
749 2085 806 2145 νοῦ
835 2082 955 2166 κίνησις
975 2083 1008 2145 ἐν
1039 2077 1114 2164 ἡμῖν
1135 2080 1255 2164 μένοι.”

153 2172 260 2255 άλλως
281 2204 315 2245 τε
335 2182 390 2245 καί
413 2182 583 2266 ἐπειδήπερ
618 2176 740 2256 άπαςδ
768 2184 833 2245 τάν
856 2180 1038 2263 άνθράπων
1067 2187 1135 2265 βίος
1154 2181 1320 2267 φάσειῑι

154 2282 211 2345 κατ’
231 2282 337 2363 νόμοις
358 2291 422 2359 τοῖς
448 2281 500 2347 διά
526 2284 677 2369 ῥημάτων
691 2308 724 2349 τε
746 2282 803 2347 κατ’
820 2282 1017 2368 γραμμάτων
1040 2287 1253 2365 οἰκονομεῖται

153 2382 211 2447 καί
229 2386 403 2469 διοικεῖται,
427 2384 515 2468 uuir}
538 2389 598 2465 μὲν
621 2381 719 2471 φάσις
744 2378 879 2449 άτακτον
900 2382 954 2447 καί
975 2380 1154 2467 άνοάμαλον,
1177 2384 1193 2447 ά
1217 2388 1254 2449 δέ

108 2499 143 2556 20
153 2480 249 2565 νόμος
269 2474 435 2569 εὔρυθμόν
457 2509 488 2552 τε
511 2489 566 2551 κατ’
593 2490 779 2571 τεταγμένον
803 2484 1013 2567 sosipatris,
1040 2486 1072 2552 τί
1090 2489 1143 2553 σοί
1165 2510 1253 2552 πεισ·

153 2587 261 2660 θέντες
284 2587 455 2668 άπρακτεῖν
475 2585 630 2670 ἐάσαιμεν
648 2588 705 2670 τὴν
726 2592 788 2654 τάν
811 2584 964 2674 ῥημάτων
984 2589 1040 2653 καί
1053 2589 1253 2671 γραμμάτων

152 2684 300 2767 δι’ναμιν,
321 2689 378 2752 ουίι
402 2681 442 2752 άν
454 2687 633 2775 φθάνοιμεν
646 2688 752 2774 κωφὸν
775 2693 832 2756 καί
851 2690 987 2771 μάταιον
1011 2684 1253 2764 άποδεικνάντες

152 2785 210 2872 τὴν
228 2785 394 2872 ἐγκάσμιον
420 2788 536 2876 τοάτην
570 2790 625 2856 κατ’
657 2790 848 2874 θαυμασίαν
877 2795 1004 2875 ποίησιν
1021 2790 1080 2855 τοῦ
1098 2791 1177 2854 θεοῦ
1198 2792 1255 2856 κατ’

82 3117 86 3122 ·
154 3097 210 3149 ium
232 3098 267 3150 sit
293 3099 321 3152 iu
340 3099 469 3150 demendo
481 3099 582 3168 aliquid
601 3106 646 3150 sut
663 3098 782 3151 addendo
794 3098 828 3150 iis
839 3111 907 3164 quae
926 3095 1050 3162 sspiritu
1067 3095 1162 3150 tradita
1181 3101 1252 3162 sunt,

155 3184 211 3220 nou
231 3185 265 3221 ex
289 3186 319 3238 se
340 3171 447 3222 studere
474 3187 517 3222 res
545 3185 629 3223 novus
648 3169 738 3221 moliri
763 3170 810 3220 sed
835 3169 915 3219 iniis
935 3183 1003 3236 quae
1026 3184 1041 3219 a
1076 3169 1161 3219 auctis
1179 3185 1252 3219 uun-

155 3242 226 3291 cistu
244 3251 305 3293 sunt
323 3243 506 3309 acquiescere.
545 3242 748 3308 chrysostomus
774 3248 862 3291 autem
880 3239 1036 3292 similitere
1073 3240 1184 3306 ipsein
1209 3240 1253 3290 di-
1326 3301 1335 3312 x

155 3312 243 3375 vinis,
263 3314 365 3382 iuquit,
385 3315 524 3380 scripturis
545 3329 624 3364 unum
644 3316 698 3364 iota
718 3321 763 3364 sut
787 3327 867 3362 uuum
898 3312 1000 3379 opicum
1026 3309 1177 3378 negligere,
1198 3324 1252 3360 non

156 3391 199 3434 est
218 3385 343 3450 impune,
374 3386 410 3436 itu
434 3393 463 3435 ut
490 3386 517 3435 in
544 3386 631 3436 omnin
657 3385 794 3453 inquirere
814 3385 964 3435 debeamus.
1010 3382 1135 3434 audivisti
1154 3389 1252 3444 autem,

155 3455 270 3520 opinor,
290 3454 370 3522 panio
390 3465 468 3508 untes
497 3456 639 3508 hisatium
659 3472 704 3521 es,
732 3471 800 3524 quae
820 3456 965 3523 Gregorius
984 3454 1118 3521 Nyssueus
1135 3455 1188 3517 sit,
1207 3451 1253 3519 qui

156 3525 235 3576 dicit:
256 3528 379 3594 quonium
393 3544 450 3579 cum
468 3543 547 3579 carue
566 3527 742 3584 circumclusa
758 3534 950 3578 nuturanostra
967 3527 1127 3578 circumdate
1145 3526 1180 3575 sit
1192 3539 1252 3574 mo-

155 3597 245 3648 tiones
263 3606 371 3652 nostrae
388 3601 488 3652 mentis
503 3615 557 3651 uon
576 3609 687 3666 possunt
705 3599 847 3662 declarari,
864 3599 1017 3649 necessario
1034 3605 1157 3665 tunquam
1175 3596 1253 3663 signu

154 3667 236 3720 rebus
249 3677 335 3721 certus
348 3673 482 3722 nominum
508 3673 715 3738 compositiones
735 3673 912 3737 imponentes,
930 3669 986 3720 iliis
1005 3669 1100 3720 ruentis
1120 3667 1252 3718 motiones

151 3740 293 3792 nobiscum
308 3742 424 3794 invicem
444 3745 680 3794 communicamus:
696 3751 728 3793 et
748 3743 817 3793 hanc
830 3742 864 3792 ob
882 3757 936 3791 rem
959 3739 1005 3791 aiii
1023 3741 1064 3791 rei
1084 3754 1182 3790 nomen
1200 3739 1253 3788 ina.

153 3812 279 3878 ponimus
299 3813 381 3878 coeli,
400 3814 448 3864 alii
466 3830 563 3866 nomen
584 3823 688 3866 terrae:
706 3813 752 3864 ulii
766 3813 854 3877 aliud,
877 3820 904 3863 et
922 3812 1017 3863 referri
1036 3811 1068 3862 sd
1088 3811 1189 3878 uliquid
1207 3816 1253 3861 aut

153 3883 266 3936 efficere
285 3893 331 3937 eut
349 3886 435 3950 affici,
465 3886 531 3938 haee
549 3887 637 3938 omnis
655 3887 770 3953 propriis
796 3884 977 3952 significamus
999 3882 1127 3935 vocibust
1154 3897 1189 3933 ue
1208 3883 1253 3932 iu.

153 3965 292 4021 comperta
314 3965 341 4008 et
358 3959 495 4026 incognita
515 3960 611 4009 mentis
634 3957 716 4009 motio
737 3958 764 4007 iu
782 3956 861 4008 uobis
878 3962 991 4006 maneat.
1016 3955 1172 4021 praesertim
1194 3967 1253 4004 cum

153 4027 241 4078 omnis
260 4029 394 4080 homiuum
413 4031 469 4081 vita
487 4025 626 4082 natura⁸et
646 4027 748 4096 regulis
763 4027 904 4081 verborum
924 4034 951 4076 et
968 4025 1105 4078 literarum
1124 4026 1252 4092 dispone.

153 4108 199 4151 tur
219 4107 246 4150 et
264 4100 477 4154 administretur:
496 4110 576 4169 atque
593 4108 686 4152 nutura
713 4100 818 4168 quidem
845 4099 903 4157 sine
922 4099 1016 4150 ordine
1035 4105 1121 4150 estet
1141 4112 1249 4149 normas

152 4169 309 4224 lex⁴autem
328 4171 451 4238 rhythmo
472 4181 512 4224 est
532 4173 650 4239 praedita
670 4179 696 4222 et
715 4171 809 4222 ordine
823 4177 850 4220 et
865 4184 966 4233 norme,
986 4170 1010 4221 si
1027 4177 1055 4220 to
1073 4171 1159 4221 secuti
1177 4170 1253 4221 sinu·
1306 4191 1310 4198 ·

152 4258 215 4296 mus
235 4243 378 4295 verborum
401 4253 428 4296 et
446 4244 582 4296 literarum
609 4245 661 4296 vim
679 4241 781 4294 nullius
808 4243 935 4293 momenti
954 4257 1030 4312 esse,
1054 4242 1142 4294 statim
1168 4242 1252 4292 simu-

153 4314 248 4386 latque
264 4315 395 4370 obtusum
409 4324 436 4368 et
454 4331 550 4369 usuum
569 4315 739 4387 praebuimus
756 4315 809 4368 hoo
828 4322 948 4368 ornutum
968 4321 995 4374 et
1011 4311 1167 4366 admirabile
1186 4323 1253 4380 oput
