3184 5100
289 383 512 454 meronmr
540 386 798 452 exzamrrxxn
823 388 916 453 xxx.
936 368 1123 453 νει-λθ.
1193 377 1268 452 εει

106 620 110 624 ,
170 546 344 633 τόλμηιιας,
362 547 551 623 ὑποστάσεις
563 552 623 629 μὲν
644 546 811 622 α’νουσίους
828 543 978 632 θεότητος
995 548 1022 611 δ’
1037 546 1275 621 ἀνυποστάτους

172 654 286 732 σέβων.
476 648 483 658 “

279 754 434 834 Τέταρτον
456 754 492 815 δὲ
522 746 572 815 ότι
598 751 653 814 κατ’
681 749 735 815 τόν
765 743 1012 831 ἄνθρωπονκαὶ
1044 748 1096 813 τόν
1118 753 1208 813 λίθον
1230 751 1340 825 elci!

174 851 353 936 ὑπόδειγμα
369 856 487 938 φόρων,
509 852 565 917 καὶ
586 851 769 936 ὁριζόμενος
792 853 906 916 ου’σδαν
921 846 1002 917 εἶναι
1024 848 1102 932 μετά
1126 854 1188 915 τῶν
1210 876 1276 935 φυ-

144 957 272 1030 5σιιςάς
293 960 369 1034 περὶ
388 953 487 1039 αῦτην
508 955 680 1038 ’δρωμένων
694 956 1009 1038 ουλλαμβανομένην,
1031 948 1133 1027 ἑάλως
1156 949 1200 1017 ἔτι
1222 950 1278 1016 κατ’

174 1052 421 1137 συμβεβηκότων
442 1055 601 1140 σύλληψιν
623 1050 705 1119 εἶναι
720 1056 858 1133 νομίζων
880 1054 938 1137 την
960 1057 1052 1118 θείαν
1076 1052 1195 1139 ἐκείνην
1217 1056 1275 1116 ου’·
1287 1074 1305 1127 ς,
1317 1074 1366 1130 135
1374 1089 1403 1129 η,

175 1154 249 1217 σιάν
271 1147 377 1237 ὥσπερ
399 1154 453 1219 ε’πό
474 1156 530 1218 τοῦ
560 1157 796 1238 προβληθέντος
817 1178 866 1217 σοι
891 1152 1124 1235 λίθουζβάρος
1146 1152 1276 1236 ψυχρό-

173 1278 251 1337 τητα
272 1255 389 1338 χρῶμα
411 1260 513 1339 μῆκος
536 1253 651 1331 πλάτος
671 1258 727 1319 καί
745 1254 862 1337 βάθος,
885 1254 940 1319 κατ’
958 1248 1017 1319 όσα
1038 1258 1168 1319 τοιαῦτα
1192 1264 1275 1321 νοεῖν

173 1351 242 1436 ἔχει
257 1379 316 1435 τις,
339 1352 476 1437 ἔχοντος.
522 1351 538 1420 ό
560 1355 689 1422 καὶτοῦ
710 1359 868 1439 προτέρου
891 1364 998 1439 χεῖρον
1021 1351 1066 1429 εἷς
1090 1354 1233 1419 άτοπιάν.

122 1462 164 1515 10
276 1458 346 1519 Καὶ
359 1458 500 1536 πέμπτον
515 1449 644 1534 άτοπον,
669 1450 718 1521 ότι
739 1452 796 1520 aad
812 1460 955 1535 βεβαιοῖς
972 1452 1030 1537 τόν
1049 1450 1108 1539 σὴν
1131 1454 1341 1534 α’μοθιάνιυ

171 1557 228 1618 καί
251 1557 422 1619 ουλυθεΐαν
445 1556 499 1620 διά
523 1559 577 1639 τῆς
599 1554 679 1640 πρός
701 1553 755 1620 τόν
775 1559 877 1637 μέγαν
900 1552 1095 1621 Ἀθανάοιον
1110 1578 1276 1640 συκοφαν-

172 1661 254 1731 τιάς.
300 1652 353 1719 rint*
373 1653 433 1739 γάρ
458 1654 491 1721 ἓν
514 1660 627 1732 ἐκεῖνος
649 1654 733 1739 ἔχειν
757 1659 838 1740 φησί
860 1653 917 1739 την
938 1654 1105 1739 ἀναφοράν
1126 1654 1164 1719 τά
1187 1651 1273 1721 οὕτω

171 1753 273 1819 πολλά
293 1757 357 1819 τάν
381 1755 543 1838 ὀνομάτων
566 1759 703 1838 ἐκείνων,
727 1754 829 1821 εἴτουν
844 1753 900 1841 τὴν
923 1749 1056 1821 οάσίσν·
1099 1753 1138 1819 σά
1163 1759 1191 1819 δ’
1215 1758 1272 1819 ουίι

173 1847 276 1943 ιῦησθου
299 1855 379 1920 κατά
414 1860 553 1923 σεαυτοῦ
586 1861 723 1940 κομίζων
752 1852 787 1921 όν
820 1852 900 1941 ῦπὲρ
925 1858 1064 1921 σεαυτοῦ
1086 1852 1272 1936 κεκόμικας·

121 1968 162 2020 15
175 1952 277 2031 οῦτως
313 1956 444 2041 άμαθὴς
471 1951 503 2020 εἷ
533 1959 587 2021 καί
606 1954 699 2037 Ιμάλα
734 1958 888 2040 α’γροδκος.
943 1950 1011 2020 εἶτα
1031 1957 1087 2021 κατ’
1108 1945 1273 2037 άθροισμα

171 2059 256 2137 λέγει
277 2058 332 2120 καί
352 2058 511 2139 πλήρωμα
533 2056 683 2142 θεότητος
703 2060 805 2122 ταῦτα
829 2060 947 2137 αῦτός,
971 2056 1010 2118 ου’
1028 2054 1091 2139 μην
1114 2052 1273 2137 θεστὴτων

170 2159 228 2239 τῆς
250 2156 360 2230 οάσιὀς
380 2154 546 2241 διαφόρων
567 2153 648 2221 κατά
672 2161 707 2222 σὲ
724 2157 779 2221 καί
804 2150 960 2238 αλλήλων.
1004 2158 1070 2229 σάς
1091 2152 1149 2237 γάρ
1171 2148 1205 2229 ός
1220 2152 1275 2217 ε’πά

169 2259 203 2321 ἓν
225 2256 308 2321 adra
329 2256 386 2341 τὴν
410 2258 579 2341 α’ναφορόν
601 2256 686 2339 ἔχειν
707 2264 797 2343 φησί,
827 2255 947 2342 δηλαδὴ
970 2255 1026 2340 τὴν
1047 2255 1170 2319 orietur.

260 2352 346 2423 Ἔστι
367 2360 446 2423 acius*
458 2360 589 2434 ’τοῦτοις
609 2361 696 2423 ἕκτον
717 2351 851 2440 ότοπον,
885 2354 934 2423 ότι
955 2362 1008 2422 καί
1029 2353 1085 2421 τόν
1107 2360 1194 2421 θεῖον
1209 2380 1271 2420 συ-
1284 2376 1341 2429 2⁰

119 2464 575 2546 2οκοφαντεῙςΔαμασκηνόν,
598 2460 640 2535 ὥς
661 2463 828 2544 προϊοῦσιν
844 2458 919 2543 ἡμῖν
933 2457 1092 2544 εἰρήσεται
1113 2460 1168 2521 καί
1191 2456 1271 2520 ου’τό

167 2562 371 2648 πλατύτερον.
392 2565 601 2648 δειχθήσεται
613 2561 673 2648 γάρ
689 2562 723 2628 τό
734 2565 980 2648 χαρακτηρίζειν
995 2563 1039 2649 τῷ
1050 2564 1217 2646 διαφέρειν
1227 2555 1272 2640 μή
1363 2657 1365 2662 Ι

172 2881 253 2932 etism
272 2877 424 2943 multarum,
443 2877 512 2930 illud
530 2877 575 2930 hic
592 2893 700 2947 quoque
727 2894 807 2932 susus
834 2892 862 2930 es
884 2877 994 2941 dicere,
1021 2891 1080 2927 cum
1100 2880 1126 2926 et
1145 2872 1269 2927 substan-

171 2954 223 3003 tias
243 2950 377 3003 esseutiae
397 2957 424 3002 et
442 2950 598 3002 divinitates
618 2950 782 3003 substantiae
803 2956 925 3017 expertas
946 2947 1095 3000 venereris.

271 3047 398 3112 Quartum
427 3063 485 3098 cum
516 3056 543 3099 et
567 3047 675 3098 homine
700 3055 727 3098 et
744 3047 834 3114 lapide
854 3043 983 3112 exemplis
1012 3043 1096 3094 utaris
1116 3049 1271 3094 etconteu.

168 3121 235 3181 das,
265 3115 407 3171 essentiam
429 3117 618 3186 comprehendi
646 3135 704 3180 curu
724 3119 776 3182 iis,
802 3119 916 3186 quaein
944 3130 975 3166 ea
995 3121 1138 3168 cernentur
1156 3111 1270 3164 naturali

167 3190 259 3253 modo,
279 3189 462 3256 deprehensus
483 3206 512 3241 es
531 3204 611 3256 porro
624 3191 744 3256 ,credens
763 3189 940 3240 accidentium
962 3201 1069 3252 quoque
1091 3183 1269 3249 comprehen-

167 3263 272 3314 sionem
292 3275 352 3312 esso
370 3261 445 3312 illam
464 3261 605 3314 essentiam
625 3262 751 3324 divinam,
772 3259 848 3312 velut
867 3257 1000 3324 inlepide
1018 3271 1033 3306 a
1051 3263 1078 3306 tc
1097 3256 1205 3316 iactato,
1225 3253 1270 3320 qui

168 3333 339 3401 gravitatem,
360 3331 456 3401 frigus,
476 3332 605 3396 colorem,
625 3332 836 3400 longitudinem,
855 3329 1022 3382 latitudinem
1048 3324 1269 3390 altitudinemque

168 3412 196 3455 et
216 3419 393 3470 quaecuuque
421 3404 550 3454 eiusmodi
575 3405 689 3472 cogitari
714 3411 840 3470 possunt,
868 3401 1009 3463 continet,
1038 3398 1066 3450 id
1094 3395 1164 3464 quod
1191 3396 1269 3446 etiam

167 3475 249 3542 peius
268 3482 309 3526 est
327 3473 440 3526 stultitia
457 3476 557 3541 priore.
898 3507 901 3512 -

267 3562 301 3613 Et
320 3564 439 3631 quintum
470 3562 577 3614 stultum
605 3563 692 3628 illud,
718 3565 789 3632 quod
816 3564 894 3614 etiam
922 3560 1062 3612 confirmas
1089 3553 1267 3635 ignorantiam

168 3642 241 3684 tuam
263 3641 290 3685 et
308 3633 452 3685 multorum
470 3635 617 3686 doctrinam
643 3637 753 3687 deorum
778 3634 955 3701 perversione
980 3632 1109 3683 dictorum
1129 3625 1268 3679 Athanasii

168 3705 270 3771 magni.
306 3705 339 3756 ad
358 3720 438 3756 unum
458 3707 528 3757 enim
552 3705 601 3758 ille
621 3707 686 3759 dicit
702 3705 806 3757 referri
826 3705 873 3756 illa
891 3711 930 3754 tot
952 3703 1069 3764 uomina,
1090 3699 1213 3750 nimirum
1236 3693 1268 3745 ad

169 3775 325 3826 essentiam.
362 3783 391 3826 tu
412 3785 499 3829 autem
519 3778 671 3843 imprudens
691 3785 828 3828 contrate
853 3775 965 3827 attulisti
986 3789 1064 3841 quem
1084 3783 1133 3837 pro
1153 3776 1179 3819 te
1198 3764 1268 3818 alla-

167 3854 244 3898 turus
265 3862 333 3898 eras.
370 3855 423 3898 tam
444 3849 516 3899 rudis
547 3865 576 3899 es
598 3857 625 3900 et
643 3848 722 3900 valde
747 3847 872 3898 incultus.
917 3845 1013 3896 deinde
1042 3850 1069 3894 et
1087 3840 1223 3892 materiem
1244 3844 1271 3888 et

167 3917 351 3984 expletionem
376 3919 525 3971 divinitatis
551 3919 619 3971 haec
642 3921 701 3986 ipse
731 3919 868 3982 nominat,
892 3931 946 3968 nou
975 3923 1063 3966 tamen
1091 3912 1269 3972 divinitatum,

165 4004 237 4056 quse
254 3989 287 4040 ab
308 3990 435 4054 essentia,
454 3998 483 4041 ut
501 3999 529 4042 tu
549 3992 601 4054 vis,
623 3999 649 4041 et
668 3992 739 4041 iuter
757 4005 787 4041 se
806 3989 936 4052 differant,
957 3985 1088 4054 quomodo
1117 3983 1186 4034 enim
1206 3979 1270 4032 talia

164 4061 258 4112 dicero
277 4063 373 4127 possit,
391 4062 437 4127 qui
455 4061 488 4112 ad
506 4076 586 4112 uuum
604 4060 653 4112 illa
671 4061 768 4112 referri
787 4061 862 4125 dicit,
881 4060 1004 4110 nimirum
1022 4057 1055 4109 ud
1075 4055 1226 4108 essentiam.

275 4155 324 4206 Est
342 4162 430 4206 autem
448 4163 589 4223 praeterea
608 4163 711 4207 sextum
732 4154 840 4208 stultum
860 4153 943 4218 illud,
971 4151 1041 4220 quod
1066 4150 1183 4202 divinum
1203 4160 1273 4214 quo.

182 4240 237 4293 quo
267 4227 416 4278 criminaris
434 4227 637 4291 vanescentem,
665 4228 735 4294 quod
760 4234 787 4277 et
816 4227 901 4293 ipsum
920 4223 1025 4291 planius
1044 4238 1060 4273 a
1077 4219 1154 4272 nobis
1183 4223 1277 4284 poetes
1312 4229 1314 4235 ‘

167 4297 299 4354 dicetur.
342 4298 566 4354 demonstrabitur
585 4299 670 4366 enim,
694 4299 846 4366 significare
866 4304 896 4347 et.
920 4295 1027 4346 dillerre
1045 4306 1099 4362 non
1120 4305 1179 4342 esee
1198 4289 1276 4351 idem,
