3184 5100
328 433 384 504 oo
577 421 582 430 ‘
646 428 871 497 arcaruoar
902 373 1134 492 aureonno
1205 389 1217 398 ’

338 596 431 682 ἔγωγ’
452 595 616 679 όκνὴσαιμι
640 590 757 675 σχολην
791 583 898 674 άγοντι
921 589 976 650 νῦν
997 588 1170 670 προφέρειν
1193 578 1262 646 ἔνια
1286 582 1341 644 κατ’
1360 601 1443 663 προ-

336 703 459 764 τιθέναι
479 720 530 761 σοι
552 697 707 779 βραχείας
728 689 810 765 τινὸς
833 686 1048 771 α’ντιρρήσεως
1069 683 1240 770 πρόφασιν.

299 823 325 872 ⁸
440 800 491 886 Τῷ
511 799 569 879 μὲν
593 792 631 878 δη
652 793 737 880 τόμρι
761 793 869 878 ἐκείνῳ
885 792 940 871 τῆς
957 785 1122 851 άντιθέτον
1146 781 1322 865 δυνάμεως,
1343 780 1445 864 Ἀγα-

335 901 482 985 θάγγελε,
502 900 559 962 νόν
582 894 705 977 α’ωρίαν
725 887 807 958 εἶναι
837 886 963 973 μακράν
986 887 1175 969 ἀντιλέγειν,
1199 887 1325 948 σκοπῶν
1347 882 1444 966 άκρι-

335 1007 400 1086 βάς
421 1002 488 1066 σόδ’
509 993 606 1073 αόιός
636 994 807 1078 α’ρνηθείης
839 985 898 1054 άν·
950 994 1059 1052 πολλοι
1086 1011 1147 1071 γαρ
1170 1009 1255 1069 ημας
1284 991 1469 1070 alleluiam

338 1108 493 1184 πολέμιοι,
512 1098 569 1174 τάς
593 1097 698 1184 κόκλφ
722 1095 884 1176 παρόδους
904 1091 1043 1173 ἀκριβῶς
1070 1090 1265 1170 κατέχοντες,
1287 1091 1342 1152 καί
1361 1094 1445 1151 πολ-

339 1206 390 1268 λοί
408 1206 463 1288 τῆς
484 1202 638 1286 ἡμετέρας
659 1191 798 1279 γλάττης
829 1195 994 1272 ἐπίβουλοι
1016 1190 1188 1272 κάθηνται,
1209 1186 1344 1272 έφεδροί
1361 1213 1445 1262 τινες

267 1339 270 1344 ·
337 1311 437 1373 εἰπεῖν
460 1303 600 1389 φρουροί
627 1301 681 1362 καί
709 1292 938 1379 ἡμεροσκόποι,
964 1288 1104 1371 ἴνδαλμά
1125 1315 1156 1353 τι
1179 1291 1342 1374 ζητοῦντες
1361 1312 1444 1372 προ-

338 1405 466 1494 φάσεως
489 1399 621 1467 οίασοῦν
645 1399 820 1482 εἰληφέναι,
842 1397 880 1458 ἵν’
903 1395 991 1477 ἡμᾶς
1008 1393 1230 1471 ἀναιδέστερον
1252 1389 1446 1471 ὑβρίσαντες

340 1504 422 1589 ὁμοό
455 1485 509 1569 καί
543 1504 598 1585 τῆς
629 1499 790 1583 παρούσης
815 1498 898 1578 ζωῆς
919 1491 1150 1572 άπαλλάξωσι,
1173 1490 1228 1555 καί
1249 1493 1366 1571 δόξωσι
1387 1498 1488 1567 tor-10

237 1667 240 1688 ,
338 1607 446 1693 τρεέαν
468 1602 639 1688 προσάγειν
661 1607 726 1674 τοῖς
750 1603 806 1662 νῦν
826 1593 970 1681 ἡγεμόσι.
1024 1591 1122 1673 κάμοί
1140 1595 1199 1674 μέν
1220 1592 1363 1656 θανάτου
1385 1598 1447 1673 μέ·
1510 1676 1511 1681 ¹

338 1713 387 1772 λει
409 1704 481 1769 οόδ’
512 1702 640 1768 ὁτιοῦν·
695 1696 849 1783 συμφυὴς
878 1697 962 1779 γάρ,
999 1697 1054 1758 καί
1074 1694 1105 1758 εί
1123 1693 1167 1777 μὴ
1188 1691 1350 1777 ιη’μερον,
1375 1693 1447 1757 ἀλλ’
1478 1746 1481 1752 .
1510 1718 1511 1727 ’

338 1799 452 1890 αάριον
474 1801 551 1878 ἴσως
574 1799 703 1885 άδηλοις
725 1801 818 1863 ποσίν
839 1797 1042 1860 ἑπικείσεται.
1086 1792 1150 1858 τάν
1173 1795 1204 1856 δ’
1227 1787 1285 1857 οόν
1309 1794 1446 1884 διωκόν..

238 1970 240 1976 .
339 1931 403 1972 των
425 1905 552 1991 φειδοῖ,
584 1901 629 1986 μή
654 1897 819 1986 πρόφασιν
839 1893 922 1980 ἡμᾶς
945 1895 1127 1977 ποιούμενοι
1159 1895 1216 1979 την
1236 1898 1329 1960 θείαν
1352 1894 1449 1960 αότοί
1473 1901 1478 1906 ’

339 2009 414 2073 καθ’
449 2005 555 2072 adedo
588 2001 685 2086 σ’ργίην
714 1999 907 2086 ἑρεθίζωσι,
938 1995 1058 2062 τοότων
1092 2002 1122 2062 δ’
1153 1991 1210 2062 οόν
1236 1996 1326 2062 ἕνεκα
1353 2000 1489 2081 σιγάνς5

341 2108 483 2194 άνάγιιη,
516 2109 571 2186 καί
594 2102 727 2187 μάλισθ’
748 2097 794 2167 ὅτι
816 2103 892 2185 μηδ
917 2100 978 2165 άνά
1001 2109 1115 2186 χεῖρας
1144 2097 1230 2183 ἔχειν
1253 2095 1334 2184 ἡμᾶς
1355 2105 1448 2178 ’ξυνε-

344 2204 501 2274 πεπτοόκει
523 2207 577 2271 τόν
591 2204 685 2286 τόμον
701 2207 837 2282 ἐκεῖνον,
860 2206 912 2267 ἵνα
925 2203 1055 2285 πάντως
1077 2205 1193 2285 βέβαια
1216 2199 1272 2264 καί
1288 2197 1333 2282 μη
1352 2196 1448 2284 κισφά

347 2306 388 2373 τά
411 2302 651 2392 προβαλλόμενα
672 2295 703 2393 ᾗ.
737 2299 866 2366 ἐπειδάν
885 2305 913 2364 δ’
931 2300 948 2364 ό
964 2296 1361 2398 τῆςαέθρίαξόναλάμψῃ
1377 2322 1452 2361 και-

342 2411 395 2495 ρός
410 2408 496 2493 καίῆ
513 2407 716 2491 προσήκουσα
739 2407 779 2492 τῇ
798 2400 919 2490 γλώττῃ
938 2406 1100 2488 παρρησία
1116 2407 1325 2487 προσγένηται
1343 2398 1400 2479 ξόν
1412 2425 1448 2483 γε

341 2516 423 2599 θεῷ,
446 2507 516 2577 τότε
542 2506 580 2592 δὴ
605 2504 690 2591 κόγώ
714 2505 932 2592 μετάσχολῆς
955 2503 1123 2587 άναλαβάν
1144 2503 1296 2589 θρηνήσω
1317 2499 1373 2567 τόν
1395 2526 1490 2584 νε-ηη

342 2609 418 2694 κρόν
437 2634 512 2694 μον,
534 2614 587 2675 καί
606 2609 676 2673 τότε
700 2602 881 2687 κλαόσομαι
904 2608 1025 2687 πικράς
1048 2608 1102 2671 ε’πί
1122 2604 1156 2670 τό
1181 2603 1366 2689 σόντριμμα
1386 2606 1446 2669 τοῦ

340 2717 449 2796 γένους
469 2734 546 2793 μον,
569 2712 781 2791 καταδέσμοις
798 2703 899 2793 φάναι
919 2706 974 2771 καί
994 2708 1179 2792 φαρμάκοις
1202 2699 1358 2791 ἰατρικοῖς
1379 2705 1449 2771 τισί

341 2806 474 2898 τηνίοό
496 2812 650 2879 τασοότον
672 2809 797 2886 πάθους
830 2805 872 2883 τός
894 2800 960 2875 οἶόν
982 2832 1016 2873 τι
1047 2806 1240 2895 πειράμενος
1264 2805 1445 2894 φλεγμονὴν

323 3101 434 3171 agenti
451 3098 581 3153 nonnulla
599 3099 723 3167 prolerre
744 3106 771 3150 et
793 3098 886 3151 brevis
912 3098 1048 3149 cuiusdam
1069 3097 1244 3152 refutationis
1269 3113 1351 3152 causa
1376 3116 1445 3169 pro.

343 3188 455 3243 ponere.

440 3268 638 3321 Reiutationem
667 3270 731 3319 tomi
763 3268 888 3320 factionis
921 3268 1108 3332 adversariae,
1133 3267 1344 3336 Agathangele,
1372 3286 1445 3322 nunc

341 3358 419 3411 quam
438 3340 552 3393 maxime
571 3342 784 3407 intempestivam
810 3340 888 3401 iore,
916 3347 1041 3390 accurate
1059 3340 1082 3390 si
1101 3354 1158 3390 rem
1177 3339 1352 3405 perpenderis
1374 3342 1446 3394 baud

340 3412 515 3474 diffiteberis3
535 3410 611 3461 multi
632 3412 701 3461 enim
720 3410 822 3461 inimici
849 3410 928 3461 uobis
956 3411 1128 3475 insidiantur,
1156 3426 1247 3462 omnes
1267 3412 1445 3467 circumcirca

341 3486 427 3537 aditus
447 3482 591 3549 diligenter
612 3482 803 3545 custodientes,
823 3481 943 3533 etmulti
962 3490 1112 3533 nostrorum
1133 3483 1275 3534 verborum
1289 3476 1445 3549 captatores

341 3556 460 3609 assident
477 3562 600 3621 tanquam
620 3553 749 3604 stationes
769 3561 796 3603 et
809 3553 949 3617 excubiae,
961 3568 1058 3604 causae
1077 3553 1178 3622 aliquid
1197 3553 1285 3614 simile
1308 3572 1445 3622 quaercu.

342 3636 393 3691 tes,
413 3632 443 3679 ut
460 3626 626 3693 impudenter
646 3632 672 3675 et
692 3624 888 3675 contumeliose
906 3640 956 3675 nos
974 3633 1101 3676 tractatos
1120 3626 1175 3677 vita
1196 3626 1307 3691 iusuper
1325 3629 1444 3693 privent.

344 3707 424 3765 atque
443 3698 491 3760 iis,
516 3696 560 3764 qui
583 3712 653 3747 niuno
671 3712 760 3747 rerum
779 3697 857 3761 potiti
876 3704 953 3759 sunt,
981 3696 1098 3747 oilicium
1126 3697 1255 3763 quoddam
1274 3700 1445 3764 praestitisse
1508 3749 1509 3754 ,

343 3770 493 3821 videantur.
534 3767 600 3818 mibi
622 3768 727 3835 quidem
746 3781 816 3818 mors
836 3768 960 3818 minimae
980 3783 1060 3818 curae
1080 3776 1135 3831 est;
1156 3768 1244 3819 intulis
1265 3770 1334 3820 enim
1355 3779 1397 3822 est
1418 3780 1466 3822 eta

342 3840 366 3891 si
384 3854 437 3889 non
453 3837 552 3901 bodie,
578 3845 605 3888 at
630 3840 743 3889 fortasse
769 3839 885 3893 crastino
912 3840 956 3890 die
980 3840 1090 3890 incertis
1108 3839 1233 3907 gradibus
1252 3854 1303 3892 nos
1322 3843 1443 3893 invadet.

343 3909 560 3977 persecutoribus
581 3924 646 3960 vero
667 3908 790 3976 quoniam
810 3925 921 3976 parcere
935 3910 1081 3974 volumus,
1107 3928 1142 3961 ue
1160 3919 1251 3962 nostra
1270 3928 1350 3963 causa
1368 3914 1444 3965 diri.

343 3995 404 4031 nam
423 3980 450 4029 in
470 3993 500 4029 se
519 3980 584 4030 iram
603 3982 747 4045 concitent,
767 3997 881 4033 necesse
901 3990 941 4033 cst
961 3989 1062 4045 tacere,
1082 3984 1239 4048 praesertim
1256 4000 1335 4050 quum
1357 4001 1392 4035 uc
1416 3987 1445 4036 in

343 4049 463 4102 uranibus
483 4050 588 4117 quidem
611 4050 753 4105 habeamus
771 4061 870 4103 tomum
896 4053 986 4118 illum,
1013 4060 1041 4104 nt
1058 4054 1185 4105 refutatio
1209 4056 1280 4105 omni
1306 4071 1339 4105 cx
1365 4065 1445 4122 parto

344 4123 418 4174 boma
436 4136 523 4189 neque
543 4120 639 4173 debilis
661 4129 740 4189 atque
759 4124 855 4175 obtusa
874 4123 951 4175 foret.
999 4124 1110 4174 simulac
1129 4139 1195 4176 vero
1215 4128 1371 4178 serenitatis
1393 4144 1444 4178 cx.

344 4192 515 4259 splendescet
535 4199 637 4258 tempus
658 4201 684 4243 ot
710 4194 778 4245 iusta
798 4195 907 4263 linguae
926 4195 1037 4246 licentia
1056 4196 1107 4246 deo
1134 4196 1277 4249 adiuvante
1306 4206 1444 4265 suppetet,

344 4273 407 4317 tuno
427 4279 477 4331 ego
497 4265 525 4314 in
545 4265 599 4315 otio
620 4278 716 4331 corpus
733 4281 820 4315 oneum
843 4274 974 4317 mortuum
1000 4266 1124 4318 reficiens
1151 4266 1251 4336 lugebo
1280 4272 1445 4338 etgoneris

344 4336 398 4388 mei
416 4335 604 4389 contritionem
624 4334 720 4389 acerbe
739 4336 854 4401 deflebo,
873 4336 1062 4404 alligamentis,
1081 4345 1110 4389 ut
1129 4339 1166 4390 ita
1185 4340 1278 4404 dicam,
1303 4347 1330 4391 et
1355 4342 1445 4395 medi.
