3184 5100
333 365 418 475 'tst
642 397 871 469 mensuum
901 392 1133 467 causostis

265 599 271 609 ’
339 568 449 637 αςἐστί’
467 569 530 657 γάρ
552 591 635 656 φησι
650 562 806 640 Ἰταλούς
831 559 849 626 ὅ
871 557 1044 647 ἄνθρωπός
1065 562 1132 627 ἐστι
1160 561 1217 627 καί
1237 560 1401 637 σύνθετος
1424 562 1459 626 ἐκ

341 675 453 757 ψυχῆς
474 668 707 752 καίσιύματος,
745 666 878 741 ύιπλούς
899 663 1007 751 μέμονε
1027 663 1083 729 καί
1110 659 1129 727 o‘
1153 662 1296 751 Χριστὸς
1315 664 1356 727 ἐκ
1380 664 1458 729 θεύ-

341 798 433 860 τητυς
454 766 493 857 ἧς
514 764 581 853 εἶχε
603 771 660 835 καί
689 760 727 855 ἧς
747 764 882 855 ύστερον
903 763 1115 853 προσειλήφει
1146 766 1276 851 σαρκός,
1298 763 1347 843 aig
1372 759 1459 829 εἶναι

341 874 398 962 τὴν
420 873 518 958 αὐτὴν
536 872 592 937 καί
612 872 692 954 μίαν
714 867 892 935 ύπύστασιν
914 870 971 933 τού
991 868 1105 952 κυριόυ
1129 864 1256 951 κτιστὴν
1280 867 1341 933 κατ’
1367 862 1458 933 ἄκτι-

345 999 427 1052 στον,
451 969 570 1060 ὅρατὴν
599 970 655 1035 καί
682 968 850 1055 ἀόρατον,
884 970 998 1051 διπλῆν
1022 960 1078 1031 ούν
1098 966 1215 1033 δίδωσι
1236 966 1294 1032 καὶ
1313 964 1378 1052 τὴν
1399 966 1476 1036 τού-5

345 1081 466 1162 θαρσιν
487 1074 535 1160 τῷ
556 1072 661 1158 ύιπλρῖ
694 1068 855 1156 ἀνθρώπῳ
878 1072 919 1135 δι’
950 1064 1067 1143 ύύατος
1088 1066 1144 1132 καί
1163 1068 1359 1151 πνεύματος.
1404 1071 1458 1135 κατ’

346 1175 521 1260 σωματικῷ
553 1170 633 1236 εἴδει
654 1167 734 1235 ιύσεί
762 1166 937 1255 περιστερὰ
964 1166 1175 1254 κατεφοίτησε
1206 1163 1243 1231 τύ
1266 1169 1404 1250 πνεῦμα
1422 1166 1456 1231 τύ

248 1346 252 1354 ,
347 1274 437 1361 ἅγιον
457 1273 511 1339 ἐπί
529 1268 584 1337 τύν
602 1271 729 1356 κύριον·
783 1267 824 1335 τὰ
846 1267 908 1354 γὰρ
934 1264 1036 1354 ύρατύ
1061 1267 1209 1350 σύμβολα
1228 1268 1293 1332 τῶν
1313 1269 1456 1350 νοουμέ-

343 1398 408 1441 νων
428 1375 503 1439 εἶσί.
555 1371 611 1436 καί
642 1372 755 1454 διπλῆν
776 1369 991 1455 προσκύνησιν
1014 1365 1108 1451 ἡμεῖς
1128 1370 1175 1454 τῷ
1194 1369 1264 1453 θεῷ
1285 1369 1455 1453 προσάγο-

208 1468 332 1526 42³9b·
342 1498 411 1561 μεν,
432 1476 479 1561 τῷ
496 1497 531 1539 τε
550 1474 598 1560 spi
617 1473 673 1537 καὶ
693 1478 760 1547 τοῖς
781 1474 977 1553 σωματικοῖς
1007 1468 1184 1551 ψάλλοντες
1204 1468 1345 1549 χείλεσι.
1402 1470 1456 1533 καί
1464 1478 1484 1531 m

344 1578 464 1652 διπλοῖς
489 1574 536 1661 τρῖ
568 1573 668 1660 κυρίῳ
693 1565 876 1655 ἓνούμεθα,
900 1572 963 1635 τῶν
989 1592 1024 1634 τε
1055 1568 1243 1655 μυστηρίων
1262 1570 1454 1651 μετέχοντες

342 1676 472 1759 καὶτῆς
492 1676 550 1741 τού
569 1674 747 1757 πνεύματος
777 1674 927 1758 χάριτος·
979 1669 1050 1735 ἐπεὶ
1070 1666 1134 1755 γὰρ
1162 1668 1238 1745 ἔθος
1262 1668 1454 1755 ἀνθρώποις

342 1778 466 1842 ἐσθίειν
486 1772 584 1863 ἄρτον
603 1764 694 1861 drop
717 1796 752 1838 τε
782 1773 839 1839 καί
867 1766 952 1837 οἶνον
973 1772 1091 1848 πίνειν,
1122 1770 1311 1851 συνέζευξεν
1344 1769 1454 1845 αὐτοῖς

341 1877 396 1961 τὴν
421 1874 685 1961 nicomedem,
707 1872 956 1958 saturarique
988 1867 1070 1937 αύτά
1088 1872 1184 1954 σούμα
1206 1870 1262 1935 καί
1283 1862 1374 1954 αἷμα
1398 1869 1454 1933 αύ-

341 1980 408 2055 τού,
432 1978 486 2042 ἵνα
508 1978 565 2042 διὰ
585 1980 649 2043 τῶν
667 1976 818 2062 συνήθων
838 1973 894 2041 καί
914 1971 995 2040 κατὰ
1018 1972 1114 2060 φύσιν
1133 1974 1168 2037 ἐν
1189 1977 1256 2047 τοῖς
1278 1968 1367 2059 ύπὲρ
1395 1970 1484 2059 pri-15

342 2101 394 2143 σιν
412 2078 587 2164 γινώμεθα.

274 2186 332 2239 ²⁰
440 2178 543 2249 Ἀλλὰ
562 2179 619 2245 καὶ
639 2177 659 2245 ὅ
679 2183 769 2256 θεῖος
790 2165 956 2263 Μίξιμος,
977 2177 1150 2245 Διονύσιον
1170 2169 1371 2263 ἑρμηνεύων,
1393 2206 1454 2243 πα-

345 2280 576 2369 ραπετάσματα
602 2278 704 2365 λέγειν
743 2278 826 2366 φησί
843 2278 1015 2349 Διονύσιον
1044 2276 1086 2343 τοὶ
1120 2281 1313 2361 σωματικῶς
1349 2282 1389 2345 ἐν
1417 2285 1455 2369 τῇ

339 2383 471 2471 λατρεία
490 2381 661 2465 τελούμενα
688 2381 745 2464 τῆς
761 2380 896 2468 χάριτος
918 2378 980 2465 ἔθη
1003 2381 1037 2445 ἓν
1056 2381 1098 2465 τῇ
1118 2378 1280 2469 ἐκκλησίᾳ,
1306 2384 1455 2447 τουτέστι

338 2482 374 2549 τύ
407 2485 464 2547 τού
490 2483 729 2567 βαπτίσματος,
757 2484 816 2568 τῆς
844 2480 938 2567 ἁγίας
963 2480 1130 2556 κοινωνίας
1157 2480 1482 2562 solemniacensem

340 2585 396 2649 καί
413 2584 449 2649 τί
467 2587 520 2649 δεῖ
539 2583 694 2647 πλειόνων
726 2584 869 2648 &noddo
899 2581 1020 2667 ldyors3
1043 2579 1137 2657 αὐτὸς
1165 2577 1228 2667 γ’ἀρ
1250 2578 1271 2645 o‘
1291 2580 1402 2667 μέγας
1424 2585 1454 2647 ἐν

340 2683 490 2772 θεολογιλρ
510 2685 541 2748 Γ
542 2683 690 2769 ρηγύριος
710 2684 768 2748 καί
788 2681 865 2748 αύτύ
890 2681 929 2767 δὴ
950 2680 1115 2763 τύπύσχα
1135 2683 1192 2746 τού
1210 2681 1328 2768 κυρίου
1353 2683 1453 2748 τύπον

242 2795 248 2811 ’
340 2784 460 2872 ἔφησεν
484 2776 577 2862 εἶναι,
597 2781 644 2868 μη
665 2781 714 2850 ὅτι
728 2787 792 2848 τοῖν.
812 2783 913 2848 πύλαι
936 2785 1110 2870 προφητῶν
1131 2784 1237 2848 ἐκεῖνα
1249 2779 1314 2848 ὅσα
1336 2784 1452 2849 τούτου

340 3087 462 3142 volucre.
500 3101 569 3156 quse
586 3088 778 3158 interpretatus
807 3094 849 3142 est
875 3085 904 3142 S.
923 3089 1037 3142 loannes
1055 3087 1258 3142 damascenus:
1283 3149 1284 3152 Ἴ
1314 3103 1360 3140 um
1382 3091 1453 3142 euim

340 3158 420 3212 homo
442 3159 605 3227 compositus
623 3160 660 3213 sit
684 3175 718 3212 ex
735 3159 823 3212 aalma
842 3163 869 3211 et
888 3171 1016 3228 corpore,
1040 3157 1141 3227 duplex
1159 3159 1211 3214 luit
1229 3165 1256 3211 et
1295 3157 1401 3214 hristus
1420 3177 1453 3214 ex

341 3233 439 3286 deitate
457 3247 535 3300 quam
553 3228 700 3296 habuerat,
726 3239 754 3282 et
781 3245 863 3284 carne
881 3237 975 3298 postea
1002 3231 1106 3296 additu,
1124 3231 1161 3282 ita
1179 3239 1210 3282 ut
1227 3245 1280 3282 una
1300 3231 1451 3302 eademque

340 3303 441 3356 domini
462 3302 579 3355 essentia
598 3310 688 3356 creatu
711 3309 738 3353 et
757 3303 894 3366 increata,
923 3301 1042 3360 visibilis
1064 3311 1090 3354 et
1109 3301 1254 3354 invisibilis
1273 3303 1318 3354 sit.
1356 3303 1450 3370 dupli.

285 3379 289 3387 '
340 3392 399 3428 cem
420 3373 502 3442 igitur
526 3373 673 3441 baptismus
699 3373 812 3441 praebet
829 3375 1016 3440 purgationem
1045 3373 1146 3440 duplici
1164 3373 1264 3424 homiui
1284 3387 1335 3440 per
1351 3389 1450 3444 aquam

340 3453 368 3498 et
391 3446 522 3512 spiritam.
567 3459 697 3512 corporea
731 3443 815 3496 forma
841 3445 917 3496 sicut
942 3443 1066 3496 columba
1093 3443 1232 3497 descendit
1255 3444 1283 3494 in
1311 3444 1448 3496 dominum

340 3516 450 3584 spiritus
469 3521 586 3568 sanctus.
624 3513 744 3568 visibilia
763 3517 833 3567 euim
847 3523 908 3568 sunt
928 3515 1050 3582 symbola
1070 3529 1161 3567 eorum
1181 3530 1250 3584 quae
1266 3522 1358 3566 mente
1379 3531 1449 3568 con.

340 3590 485 3656 cipiuutur.
523 3593 550 3638 et
568 3585 670 3654 duplici
688 3587 866 3640 veneratione
885 3587 962 3642 deum
974 3587 1160 3654 prosequimur
1180 3595 1207 3639 et
1224 3586 1311 3638 animo
1332 3593 1360 3637 et
1383 3601 1449 3638 cor.

339 3661 429 3727 porcis
457 3658 570 3712 vocibus
594 3665 737 3722 caueutes,
767 3666 794 3709 et
814 3657 959 3726 dupliciter
983 3673 1041 3708 curn
1061 3657 1167 3710 domino
1199 3665 1227 3709 et
1255 3658 1396 3724 mysteriis
1422 3667 1449 3712 et

339 3731 449 3796 spiritus
467 3731 553 3798 gratia
572 3729 789 3781 reconciliamur.
827 3745 907 3799 quum
927 3731 996 3780 enim
1015 3741 1110 3796 panem
1130 3729 1220 3794 edere,
1240 3743 1335 3796 aquam
1355 3737 1385 3780 et
1403 3731 1448 3782 vi.

338 3816 401 3851 uum
422 3800 516 3852 bibere
535 3801 641 3854 soleant
659 3800 790 3866 homiues,
813 3803 983 3853 consociavit
1001 3815 1059 3850 cum
1072 3801 1106 3853 iis
1124 3799 1203 3852 rebus
1223 3799 1351 3851 deitatem
1371 3817 1447 3852 susm

340 3872 405 3922 deus
428 3887 526 3940 easque
544 3872 659 3924 reddidit
679 3886 776 3940 corpus
796 3880 824 3924 et
844 3870 1000 3940 sauguinem
1019 3887 1113 3938 suum,
1135 3872 1175 3922 uti
1192 3885 1240 3938 pcr
1268 3873 1447 3923 consuetudi.

339 3957 400 3993 uem
420 3950 447 3993 et
465 3952 583 3995 naturam
603 3943 636 3994 ad
656 3957 687 3995 ea
706 3958 776 4012 quas
795 3957 876 4012 supra
893 3951 1013 3995 naturam
1033 3951 1094 3996 sant
1111 3943 1310 4010 perveniamus.

437 4039 478 4090 Ac
500 4038 527 4091 S.
546 4039 674 4092 llaximus
700 4039 747 4092 ubi
765 4039 922 4106 Dionysium
941 4041 1151 4108 interpretatur,
1177 4038 1262 4092 refert
1281 4053 1342 4089 eum
1361 4039 1446 4092 iuvo-

339 4109 417 4162 lucra
437 4111 528 4161 dicere
547 4111 706 4162 cerimonias
725 4125 794 4179 quae
812 4113 840 4164 in
859 4112 1044 4178 dispensandis
1055 4111 1149 4180 gratiis
1169 4109 1348 4177 corporaliter
1368 4111 1445 4176 liunt,
1501 4097 1502 4124 ³

340 4182 369 4232 iu
392 4178 510 4232 ecclesia
529 4179 636 4232 scilieet
663 4181 807 4248 baptismi,
826 4197 918 4236 sacrae
946 4183 1148 4246 communionis,
1168 4180 1343 4249 reliquorum.
1383 4183 1446 4250 quid

342 4251 465 4318 pluribus
484 4250 536 4301 iam
556 4250 647 4304 verbis
666 4266 734 4318 opus
753 4251 815 4306 ost?
842 4250 987 4322 Gregorius
1007 4255 1076 4306 anim
1095 4253 1144 4304 ille
1163 4253 1192 4304 in
1218 4249 1360 4318 theologia
1387 4269 1445 4304 mn.

341 4337 409 4392 gnus
429 4322 516 4387 ipsum
535 4319 602 4374 illud
619 4322 719 4388 pesclu
736 4323 970 4399 dominlspcciem
991 4325 1059 4378 dixit
1078 4340 1148 4390 esse,
1166 4337 1220 4379 nou
1240 4323 1372 4392 quomodo
1393 4341 1445 4378 ve-
