3184 5100
294 418 516 491 rrrsromaa
543 421 801 490 amarorum
823 426 918 490 xxx.
932 407 1120 495 81-84,
1194 376 1269 496 ooo

170 586 300 665 λίγοντα
321 581 376 649 τδν
397 581 470 647 olio
491 588 546 649 καί
566 584 658 668 λόγον
680 590 734 651 τοῦ
756 556 835 650 διεδ
859 584 1018 672 διάφορον
1037 592 1094 673 τῆς
1115 593 1272 674 πατρικῆς

171 685 285 759 ου’σίας
308 688 364 751 καί
384 683 657 770 &pseudocodicem
681 686 826 770 καθάπερ
840 685 998 769 Εδνόμιδς
1017 714 1052 753 τε
1074 694 1129 755 καί
1141 683 1270 774 Ἀρειος

168 788 294 864 ἐκεῖνος,
319 788 373 849 καί
381 778 460 849 ’λίσαι
473 783 510 851 τὰ
528 789 658 855 τοιαῦτα
673 790 770 853 πάλαι
781 788 1109 875 βεβλασφημὴκεσανς
1133 795 1186 858 ἳνα
1206 791 1269 875 γαρ

79 890 81 895 ’
168 886 228 964 τὰς
248 890 310 953 τῶν
334 884 431 951 θείων
454 886 654 955 διδασκάλων
684 885 773 971 ἡμῶν
791 891 825 952 ἐν
850 891 894 978 τῷ
914 888 1047 971 παρίντι
1069 866 1190 976 σιγδῇσω
1211 891 1271 979 <iri-
1354 925 1356 928 ·

139 1004 244 1068 ὅστις,
267 986 325 1051 οὐκ
346 984 477 1053 οἰκοδετε
509 992 622 1065 πάντες
644 989 696 1056 δεί
718 992 774 1054 τοῦ
807 992 898 1053 θείειν
920 994 1060 1072 λέγοντος
1083 994 1269 1075 εὐαγγελίου
1385 985 1392 996 ’

164 1086 280 1159 ’πάντα
309 1091 352 1153 δι’
376 1092 480 1153 cultori
503 1088 644 1174 ἐγένετο,
668 1094 722 1156 καί
749 1096 849 1177 χωρίς
871 1092 972 1155 ου’τοῦ
999 1094 1215 1174 ε’γίνετοόιίδδ
1235 1089 1270 1157 ἓν

170 1185 363 1273 δγέγσνεν,’
382 1192 436 1255 καί
465 1194 521 1255 τοῦ
543 1194 650 1273 Arsit
680 1194 784 1281 πολλῷ
816 1196 1088 1274 προθεσπίσαντος
1119 1192 1269 1277 πρότερον

79 1342 84 1349 .
165 1288 282 1355 ’πάντα
304 1293 337 1355 ἐν
358 1296 457 1379 σοφίρι
472 1292 644 1376 ἐποιήσας,’
664 1296 719 1357 καί
730 1297 788 1357 τοῦ
803 1293 1006 1372 Σολομῶντος
1026 1287 1123 1370 αὖθις
1140 1292 1171 1359 ‘o‘
1193 1290 1269 1368 θεὸς

169 1392 210 1478 τῇ
230 1394 328 1480 σοφίᾳ
348 1376 540 1469 turpilium
557 1389 614 1475 τὴν
629 1395 698 1476 γῆν,
724 1391 881 1476 ἡτοίμασε
902 1395 937 1456 δὲ
958 1390 1120 1476 οδρανοδς
1136 1396 1171 1457 ἐν
1185 1416 1271 1478 φρο-

122 1500 161 1555 10
171 1491 278 1574 sputi?
320 1493 368 1567 τίς
392 1484 447 1554 οὖν
468 1487 513 1563 εἰς
537 1497 634 1576 χρεία
658 1489 759 1576 λε’γων
785 1494 831 1567 εἰς
855 1488 1018 1569 α’πόδειξιν
1041 1494 1096 1575 τῆς
1115 1500 1271 1576 παλαιγε-

171 1596 245 1666 νοῦς
268 1592 370 1657 orituri
391 1595 593 1675 κακοδοξίας,
626 1590 663 1676 ἣν
688 1593 787 1659 πάλαι
820 1593 956 1677 ω’δίνησὲ
978 1617 1013 1657 τε
1033 1598 1088 1659 καί
1109 1594 1194 1659 ἔτεκε
1216 1599 1272 1659 καί
1378 1616 1380 1622 ·

171 1692 223 1757 δεῖ
241 1692 376 1778 γράφων
399 1692 454 1757 καί
474 1698 573 1775 λέγων
595 1694 633 1757 οδ
659 1682 839 1775 διαλείπει,
861 1695 919 1758 τισίν
942 1704 1013 1770 ταῖς
1034 1698 1197 1769 πλατείαις
1217 1693 1272 1758 καί

171 1793 304 1877 οἶγοραῑς
324 1790 482 1859 διδάσκων
503 1792 582 1859 κατδ
606 1794 725 1879 πολλὴν
747 1797 805 1859 τοῦ
824 1793 1020 1871 κωλύσοντος
1043 1796 1195 1880 ἐρημίαν,
1216 1792 1272 1857 καί

169 1894 227 1972 τιὶς
247 1887 344 1969 σἰκοοὶς
357 1895 542 1978 ,διορύττων
566 1899 628 1961 ταῖν
649 1898 903 1981 δπλοοστδρων.”

122 2012 160 2067 15
264 1994 302 2060 Ὁ
322 1997 357 2061 δὲ
377 2000 542 2078 Παλαμᾶς
563 2001 625 2063 τῶν
646 1995 811 2080 ὀνομάτων
829 1999 885 2061 καί
903 1997 1055 2083 ῥημάτων
1076 1997 1134 2074 τοὶς
1150 1999 1337 2072 ε’ννσίαςῠί

170 2098 226 2162 καί
246 2100 363 2171 κλίσεις
383 2097 600 2183 μεδορμδζων
622 2098 823 2183 ἐβλασφήμει
852 2098 891 2163 toi
914 2101 1073 2180 χείριστα.
1124 2101 1272 2184 ἐπιτιμη-

172 2200 241 2274 teir
265 2199 295 2263 δ’
317 2194 361 2273 uic
384 2198 517 2283 ἀμαθὴς
541 2197 598 2282 τήν
620 2202 683 2263 τῶν
704 2200 891 2279 συνδέσμων
913 2197 1082 2283 διαστολὴν
1103 2200 1271 2283 ἀντεισῆγε

169 2302 227 2363 τοῦ
247 2302 306 2381 μέν
319 2300 374 2365 καί
388 2302 446 2365 τοῦ
470 2302 515 2365 δέ.
554 2296 721 2383 “γινω’σκει
742 2300 824 2383 γδρ”
845 2302 944 2386 φησίν
967 2300 987 2385 ἦ
1009 2303 1068 2364 τοῦ
1083 2304 1272 2365 δειόαΜα-
1372 2371 1379 2384 s

171 2405 263 2479 ξίμσο
293 2398 387 2485 ῥῆσις
403 2396 538 2465 ιἰἐιιιιτδιι
569 2402 628 2481 μὲν
657 2398 671 2463 ὅ
702 2398 776 2473 θεὸς
809 2396 843 2463 ε’κ
878 2403 933 2483 τῆς
962 2402 1125 2485 μακαρίας
1156 2400 1269 2476 οδσίας
1311 2426 1322 2439 ·

120 2500 291 2578 ωοαιίτοῦ,
320 2496 357 2564 ιδ
390 2500 419 2563 δ’
442 2497 496 2564 ὑπ’
525 2499 628 2566 αὐτοῦ
645 2490 793 2586 γεγονότα
816 2502 851 2566 ἐκ
871 2505 926 2585 τῆς
952 2507 1069 2588 σοφίας
1092 2502 1205 2581 αὐτοῦ,
1225 2503 1268 2565 δι’
1312 2542 1333 2554 .,

170 2590 209 2683 ἧς
231 2604 286 2666 καί
306 2602 339 2666 ἐν
361 2587 443 2687 ficol
466 2598 567 2666 πάντα
597 2600 751 2686 ἐποίησεν.
806 2602 871 2668 ἔδει
891 2595 950 2666 odo
970 2604 1070 2667 εἰπεῖν
1089 2604 1162 2665 καθ’
1185 2600 1268 2680 ὑμᾶς

171 2696 220 2766 ὅτι
242 2704 296 2766 καί
318 2696 335 2764 δ
360 2697 431 2776 olor
453 2699 570 2784 ὁμοίως
583 2701 730 2788 γινιδσκει
758 2696 874 2770 &cordo
898 2707 932 2770 ἐκ
952 2707 1007 2789 τῆς
1026 2704 1188 2786 μακαρίας
1209 2701 1271 2764 oo’-
1320 2764 1322 2767 ,
1412 2706 1419 2711 “

172 3039 233 3080 esse
261 3041 277 3078 a
303 3032 417 3093 paterna
441 3027 558 3078 essentia
586 3033 613 3079 et
631 3025 789 3080 submistum
808 3027 906 3091 deum,
925 3034 956 3078 ut
972 3026 1118 3080 Eunomius
1140 3035 1168 3080 et
1185 3027 1268 3080 Arius

171 3098 221 3151 ille
242 3105 268 3148 et
286 3097 440 3166 quicunque
458 3096 523 3150 teliu
541 3100 593 3150 iam
612 3097 677 3149 olim
696 3099 840 3152 conviciati
860 3106 936 3150 suntr
958 3099 1056 3149 etenim
1074 3106 1104 3149 ut
1117 3099 1269 3152 divinorum

171 3177 375 3238 praeceptorum
394 3177 544 3220 nostrorum
560 3178 745 3222 nunctaccnm
757 3171 838 3233 dicta,
857 3184 947 3221 nonne
966 3171 1063 3220 auditis
1084 3184 1176 3220 omncs
1195 3176 1272 3221 scm.'

171 3256 221 3308 per
245 3240 364 3292 divinum
388 3240 558 3306 evangelium
583 3241 692 3294 dicerer
720 3243 809 3293 omnia
828 3257 876 3308 per
901 3257 961 3292 eum
980 3240 1079 3292 debant
1107 3248 1134 3290 et
1154 3241 1213 3292 siue
1236 3257 1268 3292 eo

172 3311 253 3365 debat
271 3327 306 3362 ne
326 3327 406 3363 uuum
426 3312 547 3380 quidem,
573 3313 643 3380 quod
671 3313 769 3364 lactum
790 3320 855 3376 est;
884 3321 911 3364 ct
928 3311 1057 3366 Davidem
1081 3311 1165 3362 multo
1190 3320 1271 3364 autea

172 3384 345 3436 vaticinatum
366 3399 443 3440 estc:
471 3384 559 3435 omnia
578 3385 605 3436 in
633 3385 765 3454 sapientia
785 3384 892 3448 iecisti3
919 3391 946 3436 et
971 3382 1143 3434 Solomonem
1162 3398 1273 3438 rursust

172 3457 238 3508 deus
257 3456 389 3522 sapientia
409 3455 529 3507 fundavit
542 3463 649 3521 terram,
668 3457 884 3524 repraesentavit
901 3463 989 3506 antem
1013 3454 1106 3506 coelos
1124 3455 1152 3505 iu
1171 3455 1269 3526 cogni.-

79 3539 81 3542 ·
172 3528 257 3578 tione.
295 3527 358 3594 quid
378 3527 460 3595 igitur
476 3527 526 3578 iam
546 3541 613 3594 opus
634 3535 677 3579 est
695 3527 786 3580 verbis
805 3528 838 3580 ad
849 3526 1038 3580 ostendendam
1057 3527 1192 3594 antiquam
1211 3526 1275 3576 eius-

171 3599 200 3648 in
220 3598 349 3666 dogmatis
369 3599 588 3664 perversitatem,
615 3615 692 3668 quam
717 3601 769 3650 iam
795 3598 859 3650 olim
884 3599 1029 3666 parturivit
1053 3605 1080 3649 et
1108 3597 1223 3664 peperit,
1243 3603 1271 3648 ct

170 3683 226 3720 non
245 3669 343 3722 desiuit
361 3685 466 3737 semper
486 3671 606 3722 scribere
635 3679 662 3722 et
680 3671 780 3736 dicere,
799 3672 827 3722 in
846 3670 943 3738 plateis
962 3684 1075 3737 quoque·
1089 3677 1116 3720 et
1128 3668 1200 3719 loris
1218 3667 1270 3719 do.
1344 3695 1347 3698 ·

171 3756 235 3791 cere
254 3749 363 3807 propter
382 3757 502 3810 magnam
527 3743 585 3794 cius
611 3743 656 3812 qui
675 3742 819 3810 prohibere
846 3742 932 3810 possit
955 3757 1018 3806 'cum
1051 3739 1223 3793 solitudinem
1243 3746 1272 3794 et

169 3827 249 3864 eures
268 3812 407 3880 perforare
425 3813 628 3880 simpliciorum.
1053 3842 1056 3846 v

270 3907 390 3960 Palumas
409 3917 497 3960 auteur
516 3910 651 3960 nominum
673 3918 700 3961 ct
724 3909 867 3962 verborum
885 3910 1010 3960 notiones
1030 3915 1058 3959 et
1074 3907 1269 3959 declinationes

168 3988 274 4032 mutans
293 3981 409 4046 passima
428 3981 639 4034 conviciabatur.
659 3989 799 4050 postquam
819 3989 907 4032 autem
925 3995 975 4032 nos
995 3979 1157 4046 obiurgavit,
1176 3986 1206 4029 ut
1223 3979 1269 4030 in.
1372 4033 1383 4054 Ι

168 4055 264 4106 doctus
284 4053 500 4104 coniunctionum
528 4054 723 4120 oppositionem
744 4053 909 4116 introduxit,
929 4066 1025 4115 vocum
1044 4053 1167 4102 nimirum
1189 4051 1270 4118 “qui.

169 4123 250 4176 dem”
280 4130 307 4172 ct
331 4125 423 4176 “scd’'
461 4125 601 4192 cognoscit
620 4127 705 4188 euim,
725 4126 762 4175 ait
780 4125 865 4176 divini
884 4124 989 4177 Maximi
1012 4124 1127 4189 dictum,
1158 4137 1188 4173 se
1206 4121 1271 4188 qui.

169 4197 231 4248 dem
258 4195 322 4246 deus
345 4210 378 4246 ex
398 4199 514 4248 essentia
532 4212 580 4247 sna
598 4195 693 4248 beata:
715 4211 782 4264 quae
802 4204 889 4246 autem
908 4195 941 4246 ab
961 4209 993 4246 eo
1013 4195 1170 4257 factasunt,
1190 4207 1205 4242 e
1223 4207 1270 4243 sa-

163 4267 274 4356 pientia
293 4281 350 4330 eua,
374 4283 427 4335 que
446 4275 474 4318 et
491 4269 519 4318 iu
531 4283 583 4336 qua
602 4269 728 4320 universa
748 4267 822 4318 lecit.
841 4266 983 4334 oportebat
1000 4267 1083 4334 igitur
1101 4281 1160 4316 eum
1179 4264 1270 4335 dicere

170 4336 317 4394 secundum
337 4351 396 4403 vos,
414 4339 497 4391 lilium
517 4355 624 4409 quoque
641 4339 765 4393 similiter
784 4346 949 4408 cognoscere
968 4353 998 4389 sc
1024 4351 1057 4389 ex
1075 4335 1193 4388 essentie
1211 4333 1270 4384 eia!
