3184 5100
270 373 493 470 ursno'mln
522 397 782 476 nszlnumlu
810 340 904 472 rau.
926 388 1113 473 att-35.
1202 397 1248 472 os

151 554 307 640 πημάτων
328 559 572 648 ἐκπεπληγμένοι
596 584 644 644 τε,
664 559 718 626 καί
739 560 814 626 citt
838 563 947 648 φέρειν
968 559 1118 642 καθυίπαξ
1137 558 1253 643 ἀνεχό-

149 679 242 736 μενοι
265 659 330 746 Ιτοὶς
361 659 483 726 πάντων
515 661 569 727 διαὶ
594 665 696 728 ταῦτα
720 657 920 745 πανταχόθεν
944 659 1053 748 δβρεις
1074 665 1129 727 καί
1152 661 1255 743 ἀπεχ-

150 763 260 834 θείας·
315 765 369 827 καί
389 756 475 852 ὅμως
496 763 513 827 o‘
534 761 687 846 βασιλεδς
714 759 834 846 μεταξδ
864 760 1077 847 παρεμπεσυδν
1098 759 1173 840 τοδς
1194 763 1254 843 μὲν

150 863 309 936 θωπείαις
330 864 384 928 καί
409 863 585 950 χρημάτων
619 867 787 946 διανομαῖς
809 861 882 939 τοδς
909 866 938 928 δ’
968 863 1112 942 ἀπειλαῖς
1132 862 1254 948 capri.

125 958 222 1043 5yasd
245 985 278 1025 τε
298 965 354 1026 καί
387 969 431 1052 τῷ
451 969 600 1054 Παλαμρῖ
628 961 822 1048 συμμάχους
853 958 934 1028 εἶναι
956 949 1103 1030 πέπεικεν
1122 963 1183 1044 αἐί,
1201 960 1257 1028 καί

151 1061 272 1143 τόμους
293 1065 445 1128 τίθεσθαι
473 1059 623 1147 καινυιίς,
651 1069 704 1150 τῆς
735 1065 838 1129 αι’τυῦ
857 1062 1035 1147 βεβαιωτὰς
1056 1065 1253 1147 δυσσεβείας.

151 1164 217 1224 ταῖν
238 1163 299 1243 μὲν
323 1153 379 1228 οὖν
412 1157 515 1230 ἄλλων
548 1165 695 1232 ἁπάντων
717 1167 790 1250 πέρι
814 1166 919 1248 ζητεῖν
945 1167 1002 1228 καί
1024 1166 1253 1246 διερευνᾶσθαι

150 1259 342 1344 βούλεσθαι,
363 1259 419 1330 οἵτε
443 1271 560 1351 σχολῆς
576 1268 709 1350 δεόμενα
733 1267 884 1352 πλείονος,
904 1261 1026 1350 ἑτέροις
1045 1261 1166 1348 ἔγνωκα
1188 1264 1255 1328 δεῖν

150 1363 367 1445 ταμιεύεσθαι
399 1367 544 1450 χρόνοις·
596 1366 692 1447 ου’τδς
721 1371 757 1434 δέ
789 1366 899 1450 μόνοις
927 1364 1004 1432 δυσί
1032 1367 1174 1432 τουτοισί
1199 1368 1255 1448 τὴν
1299 1383 1327 1424 .’

112 1469 261 1530 lonciaco
283 1470 341 1530 cori
362 1467 464 1532 πόθου
487 1467 630 1552 σπουδὴν
651 1473 862 1554 περιέκλεισα,
884 1468 942 1554 τήν
957 1491 992 1533 τε
1013 1467 1177 1552 κάθειρξιν
1199 1462 1254 1550 την

151 1562 212 1651 σήν
231 1572 367 1652 μαθεῖν,
399 1569 520 1655 δηλαδή
553 1574 618 1646 πῶς
650 1573 682 1646 ἐς
706 1570 741 1663 τὸ
761 1566 941 1656 βιαιότερον
962 1564 984 1654 ἢ
1004 1567 1083 1634 κατὰ
1099 1566 1172 1644 τούς
1196 1559 1253 1630 ἆλ-

151 1675 230 1743 λυυς
253 1673 454 1754 ἐξενηνέχθαι
486 1680 552 1748 τοῖς
583 1663 739 1756 ἇρχουσιν
773 1669 823 1756 εἴη
846 1673 1087 1757 ἐψηφισμένον,
1111 1666 1167 1732 καί
1184 1662 1253 1749 ἅμα

151 1773 188 1836 τί
201 1763 240 1835 liv
262 1767 312 1855 εἴη
335 1771 373 1835 τὰ
402 1781 468 1849 τοῖς
492 1781 611 1848 καινοῖς
629 1771 705 1854 πρὸς
727 1774 790 1836 τῶν
822 1767 1000 1836 ἐπισκόπων
1022 1774 1078 1834 καί
1096 1771 1254 1849 βασιλέων
1338 1779 1352 1792 ‘

153 1875 393 1957 ἐγγεγραμμένα
407 1872 525 1956 τέμοις,
547 1878 601 1938 καί
621 1868 691 1938 δτου
712 1872 810 1957 χοίριν
830 1868 925 1937 ου’τυί
938 1875 1013 1935 καθ’
1038 1867 1154 1944 αδτυδς
1175 1892 1254 1933 συν-

111 1988 142 2044 15
152 1972 328 2071 τεθεικότες
349 1970 467 2054 αυίυύς
490 1975 580 2040 circi
599 1977 653 2040 καί
673 1979 844 2056 κατέχουσι
865 1975 940 2056 παρ’
959 1967 1093 2048 ἑαυτοῖς,
1115 1971 1254 2034 υίνέκπυ-

153 2102 211 2142 στα
249 2069 366 2140 τᾶνδσν
395 2081 516 2160 σιωπῆς
546 2084 663 2160 μυχοῖς
689 2074 899 2150 καλύπτοντες
932 2072 989 2136 καί
1011 2065 1087 2154 ὑμῖν
1115 2073 1252 2156 ε’μφανί·

153 2183 217 2256 ζειν
241 2178 282 2240 ου’
303 2178 391 2258 μάλα
412 2179 596 2260 τολμῶντες.
813 2169 820 2188 ’
1350 2155 1357 2160 ’

252 2281 342 2363 Περί
367 2280 426 2360 μέν
458 2281 518 2344 σοῦ
545 2278 655 2344 πολλοί
686 2276 834 2354 πολλάκις
863 2278 898 2341 έκ
923 2277 1045 2340 πολλῶν
1074 2273 1318 2357 έλέχθησανη

151 2380 257 2464 λόγοι,
287 2377 440 2468 διάφοροι
470 2384 529 2464 μὲν
548 2375 630 2446 εἶναι
653 2382 833 2462 δοκοῦντες,
865 2381 890 2418 “
910 2375 986 2462 πρὸς
1007 2379 1036 2441 δ’
1056 2375 1111 2440 ἕνα
1140 2359 1283 2452 acinace.
1305 2391 1392 2449 loth.

112 2505 142 2559 20
149 2487 318 2567 dicaciter
339 2479 463 2547 σκοπόν.
487 2484 653 2567 τιν’γκυδμια
674 2481 713 2548 τοὶ
736 2481 776 2548 σοὶ
803 2479 936 2569 δηλαδή,
965 2477 1009 2556 ὥς
1032 2476 1159 2544 ἐκείνων
1177 2472 1255 2542 ixei-

151 2610 216 2675 στιρ
239 2584 416 2663 διαθέσεως
438 2583 524 2669 ἔχειν
545 2585 624 2672 πρὸς
654 2590 690 2652 σὲ
712 2589 897 2669 συνέβαινε,
919 2582 976 2647 καί
996 2575 1064 2664 ἅμα
1084 2587 1256 2665 σχυλασιι·ὲ

152 2690 207 2773 κῆς
230 2690 311 2776 πρός
331 2710 366 2772 γε
388 2688 427 2755 ιὰ
452 2690 602 2775 δρώμενα
621 2689 774 2767 διανοίας.
798 2678 844 2763 οἷς
861 2709 896 2772 γε
918 2683 981 2772 μην
1003 2682 1035 2763 ἐς
1051 2680 1090 2748 τὰ
1113 2682 1253 2767 μα’λτστα

153 3021 211 3059 rum
230 3005 284 3074 ipsi
305 3004 442 3074 perterriti
462 3004 637 3057 contumelias
659 3009 686 3055 et
710 3000 864 3055 inimicitias
890 2998 1006 3051 omnium
1024 2996 1201 3064 undecunque
1225 2996 1254 3047 in

155 3095 202 3130 eos
223 3076 352 3130 ooullntaa
372 3078 478 3129 omuino
499 3077 570 3129 lerre
590 3092 644 3128 non
663 3082 789 3142 possent:
807 3080 838 3124 ut
855 3072 971 3139 denipne
984 3070 1130 3138 Imperator
1148 3069 1175 3119 in
1194 3082 1254 3119 me-

128 3202 132 3206 ,
154 3152 213 3201 dios
228 3151 334 3201 irruens
354 3148 422 3202 alios
440 3148 575 3205 blanditiis
597 3156 623 3199 et
642 3144 846 3215 largitionibus,
866 3142 935 3194 allos
959 3142 1038 3194 minis
1058 3140 1108 3192 sibi
1129 3138 1253 3192 subactos

154 3224 181 3273 in
196 3222 321 3273 l'alemae
340 3230 429 3289 partes
449 3222 573 3273 traxisset
592 3229 619 3273 et
638 3218 782 3281 effecisset,
803 3224 833 3268 ut
850 3228 936 3266 novos
956 3220 1042 3264 tomos
1062 3217 1255 3277 componerent

155 3294 255 3363 quibus
274 3294 438 3361 impietatem
460 3294 518 3343 eiua
545 3292 740 3343 confirmarent.
778 3287 858 3357 quoin
876 3299 942 3338 vero
965 3284 997 3334 de
1017 3282 1114 3334 ceteris
1132 3280 1253 3332 omuibus

153 3364 235 3417 rebus
250 3368 272 3417 si
286 3380 417 3433 quaerere
436 3370 516 3432 atque
535 3363 702 3431 percunctari
722 3360 832 3423 vellem,
845 3358 947 3409 maiore
965 3353 1030 3405 mihi
1048 3353 1104 3404 otio
1126 3367 1193 3419 opus
1207 3367 1252 3402 es.

153 3446 205 3501 set,
225 3439 253 3488 in
272 3436 326 3489 alia
344 3445 464 3504 tempora
484 3438 512 3489 id
530 3436 703 3487 differendum
724 3448 783 3485 esse
802 3430 894 3499 putavi
923 3435 1002 3495 atque
1027 3423 1129 3477 duabus
1152 3430 1252 3474 tantum

153 3510 231 3561 hisce
250 3509 330 3561 rebus
351 3510 500 3560 accuratius
531 3506 700 3574 explorandis
726 3518 803 3555 omne
822 3502 937 3554 studium
957 3508 983 3550 et
1002 3512 1108 3565 operam
1124 3494 1252 3562 impendi,

137 3586 182 3634 ‘ut
202 3582 314 3649 primunr
335 3581 438 3649 quidem
459 3594 660 3649 cognoscerem,
683 3593 729 3628 cur·
743 3576 771 3626 in
788 3574 933 3626 custodiam
953 3570 1113 3623 atrociorem
1134 3574 1252 3634 tequam

153 3656 277 3725 reliquos
296 3652 483 3705 includendum
504 3667 563 3703 esse
586 3651 750 3717 imperantes
775 3647 977 3697 decrevissent:
1008 3639 1104 3692 deinde
1129 3637 1252 3706 quidnam

152 3731 235 3781 novis
258 3728 317 3778 istis
336 3726 414 3777 tomis
442 3725 474 3775 ab
495 3723 629 3791 episcopis
649 3729 675 3772 et
692 3718 899 3787 imperatoribus
927 3713 1104 3783 perscriptum
1129 3715 1201 3761 esset
1225 3714 1252 3758 et

154 3816 239 3869 qnare
260 3814 307 3851 cos
325 3812 340 3847 a
358 3812 387 3849 se
406 3798 472 3863 ipsis
492 3794 630 3847 conlectos
658 3796 736 3844 etiam
757 3790 826 3857 apud
846 3805 876 3842 se
900 3786 1062 3864 retineten5
1089 3780 1251 3849 argumentis

154 3886 258 3935 eornm,
277 3870 469 3938 nequisquam
490 3884 521 3918 ea
543 3867 684 3934 explorare
704 3870 807 3932 posset,
825 3859 958 3929 profunda
975 3855 1155 3909 taciturnitate
1169 3853 1250 3905 invo-

152 3944 229 4007 lutis,
251 3958 340 4011 neque
359 3941 391 3992 ad
410 3950 527 3994 vestram
545 3940 666 3991 notitiam
687 3954 718 3989 aa
735 3934 858 4003 proferre
879 3931 1015 3982 auderent.

255 4043 296 4094 De
314 4050 341 4093 te
360 4041 443 4109 igitur
460 4039 535 4091 multi
547 4052 629 4104 saepe
646 4034 761 4093 amultis
780 4031 935 4084 ferebantur
944 4041 1091 4090 sermones,
1103 4024 1251 4093 quiquam.

154 4131 233 4185 quam
252 4118 323 4167 inter
342 4128 371 4165 se
390 4113 491 4165 diversi
512 4110 680 4173 videbantur,
700 4108 732 4159 ad
750 4121 831 4157 unum
848 4112 936 4153 tamen
965 4114 1056 4151 omues
1080 4097 1159 4149 linem
1185 4108 1251 4160 spe.

154 4188 279 4253 etabant,
307 4185 341 4235 ad
359 4193 417 4237 tuas
437 4182 543 4237 scilicet
566 4181 669 4245 laudes,
688 4185 767 4245 prout
785 4177 899 4244 quisque
924 4172 970 4224 vel
993 4171 1080 4223 animo
1106 4169 1134 4219 in
1152 4175 1180 4217 te
1207 4164 1250 4216 al-

154 4262 242 4315 lectus
261 4258 309 4313 vet
328 4257 427 4309 iudicio
446 4256 479 4307 de
498 4255 588 4319 rebus,
609 4268 678 4321 quae
699 4257 837 4319 geruntur,
856 4245 991 4313 praeditus
1011 4250 1076 4295 erat.
1118 4239 1164 4307 qui
1183 4250 1249 4290 vero

154 4350 233 4407 quarn
251 4331 366 4386 maxime
384 4328 517 4383 Palasnam
536 4336 563 4380 et
584 4326 744 4393 coccinum,
763 4318 912 4375 Heracleae
931 4319 1101 4387 episcopum,
1119 4311 1250 4378 frequen.
