3184 5100
351 392 427 475 sot
657 373 882 474 srcrrflorr
920 382 1171 527 eraseris·

348 568 480 652 βούλοιο
502 571 553 651 οό,
575 566 802 653 οιωπῆοομαι·
833 570 1013 652 α’ποχρῆναι
1030 566 1092 651 γάρ
1113 560 1207 648 οἶμαι
1227 572 1283 633 καί
1304 568 1363 655 τῆν
1385 572 1448 636 τάν

350 674 566 749 οιωπωμδνων
588 666 783 751 συμβάλλειν
803 666 949 733 ἐντεῦθεν
979 667 1130 753 ποιότητα
1157 670 1379 754 λοχικωτόραις
1401 672 1447 737 εἰ·

307 775 311 780 *
350 774 478 845 κασιάις
499 771 605 852 τόνγε
626 768 756 835 συνετόν
776 770 944 853 α’κροατῆν,
965 770 995 834 εἰ
1016 773 1070 833 καί
1091 772 1330 853 φρικωδέστιρα
1343 772 1447 855 πόρο-

350 895 402 935 ιιεν
419 870 496 947 ι”σως
520 869 623 937 όπόσα
653 870 668 935 ὁ
692 868 871 945 Κάλλιστος
895 869 1160 955 Καντακοοζηνόν
1192 873 1396 955 κατατρέχων
1415 876 1446 948 ἐς

295 1002 300 1007 ·
349 970 383 1036 τό
407 970 490 1036 πάνυ
513 971 715 1055 τραχύτατον
737 969 938 1055 ἐξηρεόξατο.
974 1018 981 1023 -
1189 1057 1193 1064 .
1370 1046 1372 1053 Α
1416 1024 1422 1032 .
1454 980 1471 1033 5

452 1072 557 1139 Καίό
587 1077 647 1154 μὲν
678 1074 909 1156 Ἀγαθάχχελος
939 1075 1069 1137 τοιαῦτα
1100 1065 1287 1137 εἰπών’καί
1308 1073 1447 1149 α’κοάοας

349 1172 406 1257 τῆν
424 1176 579 1241 εἰωθυῖαν
596 1175 840 1254 ἐπαλινδρόμει,
870 1174 974 1262 λάθρη
1006 1172 1061 1237 καί
1087 1174 1160 1237 καθ’
1183 1171 1321 1256 ῆσνχίαν
1341 1172 1447 1237 οἴκαδε

351 1270 464 1339 άπιάν.
507 1272 563 1338 καί
589 1269 605 1335 ό
635 1271 756 1355 χειμών
791 1278 825 1337 ἐν
855 1272 978 1349 τούτοις
1004 1267 1094 1337 οόπω
1125 1275 1184 1354 μὲν
1213 1277 1338 1348 τελέως·
1360 1270 1447 1357 ἔληγε
1520 1266 1521 1279 ’

351 1375 380 1437 δ’
402 1366 469 1438 οδν.
827 1359 829 1364 ¹

285 1480 339 1531 ⁴⁸
442 1462 539 1557 ”Asu
569 1477 604 1539 δὲ
628 1478 684 1558 τῆς
712 1471 799 1558 άρας
828 1473 1040 1561 ε’φεστηκοίίις
1069 1480 1101 1540 ἐν
1127 1466 1148 1563 ᾖ
1180 1478 1290 1557 ψυχαί
1318 1474 1450 1554 ζωτικαί
1458 1498 1492 1555 10

350 1573 431 1658 πρός
453 1576 629 1657 α’ναβίωσιν
644 1576 746 1660 πάσης
759 1576 932 1657 ἀνίσχουσι
948 1579 1013 1657 γῆς,
1031 1572 1132 1659 χλόην
1144 1577 1350 1655 ε’νδεδνμέναι
1366 1601 1447 1639 παιυ

348 1674 491 1758 τοδαπῆν
512 1679 566 1741 καί
580 1680 792 1752 παντοδαποῖς
806 1680 1071 1762 περιηνθιομένην
1084 1685 1148 1753 τοῖς
1168 1676 1329 1760 χροόμασι,
1346 1681 1447 1741 Ματ-

236 1774 243 1784 ’
310 1835 312 1841 .
349 1782 433 1865 θαίιρ
458 1775 599 1863 διάδημα
632 1783 831 1863 περιτίθησιν
870 1778 1131 1861 αότοκρατορικὸν
1164 1776 1179 1841 ό
1208 1776 1312 1859 πατῆρ
1343 1780 1376 1842 ἐν
1404 1780 1448 1865 τῷ

350 1880 541 1963 Βλαχερνιόν
561 1883 640 1968 θείιρ
656 1884 790 1959 τεμένει,
806 1883 966 1943 Φιλοθὲοο
989 1880 1046 1943 τοῦ
1067 1876 1148 1957 μετά
1164 1876 1345 1943 Κάλλιστον
1368 1902 1447 1943 νειο-

348 1977 399 2043 στό
420 1982 622 2063 πατριάρχου
644 1979 721 2054 κατά
743 1978 777 2045 τό
802 1979 901 2043 πάλαι
918 1978 1108 2063 κεκρατηκὸς
1128 1978 1199 2054 ἔθος
1222 1983 1261 2066 τῇ
1271 1982 1365 2069 χρείᾳ
1387 2005 1447 2044 κα-
1458 2002 1490 2057 15

347 2078 636 2165 θοπονργῆσαντος.
684 2078 800 2156 σκοπός
828 2082 856 2143 δ’
889 2073 926 2163 ἦν
958 2082 999 2168 τῷ
1034 2085 1092 2167 νέην
1125 2083 1239 2168 τοντιρί
1269 2078 1444 2163 διαδήματι

323 2177 429 2247 ἀἳστε
449 2181 502 2257 τὸν
518 2180 587 2247 υἱόν
600 2182 774 2265 συνάρχειν
792 2186 853 2263 μὲν
873 2186 915 2269 τῷ
937 2180 1033 2262 πατρί
1057 2179 1110 2245 διά
1131 2183 1216 2262 βίον,
1238 2178 1447 2265 τελευτῆσαν·
1520 2228 1521 2233 1

216 2281 236 2337 f·
250 2283 400 2358 112v·ra;
434 2285 463 2346 δ’
485 2282 563 2355 ἴσως
591 2284 688 2348 αὐτοῦ
722 2286 776 2347 διά
806 2288 906 2366 γῆρας
938 2282 1034 2363 μόνον
1065 2286 1099 2347 ἐκ
1120 2284 1275 2365 διαδοχῆς
1296 2278 1351 2346 τόν
1375 2278 1445 2347 υἱόν

347 2386 621 2468 αὐτοκρατορικῶς
640 2383 677 2449 τά
700 2390 753 2466 τῆς
772 2386 937 2465 βασιλείας
962 2386 1080 2449 διέπειν
1107 2388 1259 2467 σκῆπτρα.
1303 2383 1360 2446 τοῦ
1381 2382 1442 2466 γάρ

346 2488 492 2567 γαμβροῦ
514 2482 740 2573 λλαλαιολόχοο
770 2486 857 2547 πάσα
880 2486 1080 2549 παντάπασιν
1109 2482 1329 2567 κατιηνηφίστο
1351 2477 1490 2566 λῆθη,νρ

347 2587 402 2648 καί
422 2584 510 2666 θόρα
530 2589 657 2670 φιλικῆς
680 2584 827 2665 ὁμονοίας
849 2586 961 2658 τελέως
984 2583 1168 2650 ἕκὲκλειστο.

280 2683 337 2774 ss
440 2684 709 2766 Ἡμέραι-μεταξό
733 2685 960 2770 παρερρόησαν
975 2688 1015 2749 ου’
1026 2689 1114 2766 μάλα
1127 2687 1254 2768 συχναί,
1277 2686 1333 2748 καί
1347 2687 1448 2748 Ματ-

345 2790 438 2862 θαῖος
472 2783 489 2852 ό
516 2790 585 2862 νέος
611 2785 722 2852 οὖτοοί
745 2787 902 2898 βασιλεδς
935 2787 981 2864 εἰς
1008 2785 1067 2872 τῆν
1094 2781 1447 2876 ἑχκλειόνσανεταότην
1520 2833 1521 2864 r

348 3089 426 3142 celto.
462 3105 522 3142 nam
541 3097 571 3142 ut
589 3091 670 3144 certis
683 3091 831 3148 rationibus
845 3091 976 3144 coniicias
996 3106 1028 3144 ea
1046 3107 1115 3162 quae
1132 3090 1240 3145 silentio
1256 3091 1447 3158 praetermissa

348 3169 410 3213 sunt
428 3161 517 3230 qualia
535 3163 589 3214 sint
607 3162 688 3214 laeile
707 3172 734 3215 te
753 3173 936 3217 assecuturum
956 3171 1019 3231 puto
1042 3165 1064 3216 si
1092 3161 1160 3232 quae
1191 3164 1261 3216 dieta
1280 3170 1341 3214 sunt
1360 3163 1447 3230 probe

347 3233 473 3297 audieris,
496 3235 546 3284 etsi
565 3236 711 3301 asperrima
727 3244 789 3286 sunt
808 3237 918 3288 forsitan
944 3251 1011 3303 quae
1033 3235 1158 3289 Callistus
1184 3235 1211 3288 in
1230 3234 1447 3288 Cantacutenum

347 3304 470 3356 invectus
488 3305 662 3367 acerbissime
682 3309 809 3358 evomuit.

257 3539 262 3544 ι
346 3475 414 3599 τῆνον
433 3492 492 3527 cum
511 3475 620 3527 silentio
632 3475 736 3526 domum
753 3475 843 3526 rediit.
864 3475 949 3527 hiems
968 3483 1054 3526 autern
1074 3475 1115 3526 his
1128 3475 1207 3526 rebus
1227 3475 1343 3526 nondum
1363 3473 1447 3542 plane

345 3565 360 3600 a
380 3556 464 3600 sumta
484 3556 547 3599 est.-

446 3635 499 3687 lam
516 3642 636 3702 tempore
661 3632 711 3684 illo
739 3649 791 3702 quo
822 3633 902 3685 vivae
929 3634 1010 3685 totius
1035 3642 1123 3686 terrae
1148 3635 1252 3686 animae
1280 3641 1447 3685 unascuntur

269 3719 272 3727 ¹
343 3714 423 3774 atque
441 3707 624 3768 reviresonnt,
649 3704 766 3756 herbario
794 3706 901 3756 indutae
921 3707 1020 3756 variam
1038 3707 1174 3774 variisque
1193 3706 1342 3758 distinctam
1364 3704 1445 3755 colo.

343 3777 437 3840 ribus,
456 3776 588 3854 Matthaeo
609 3775 722 3827 liberum
741 3778 879 3842 imperium
899 3777 986 3827 dedit*
1000 3786 1075 3844 pater
1101 3779 1158 3830 eius
1186 3779 1213 3828 in
1230 3775 1444 3828 Blachernorum

344 3847 444 3913 templo
463 3862 479 3897 a
498 3847 641 3898 Philotheo
669 3849 714 3914 qui
740 3855 801 3913 post
827 3846 964 3901 Callistum
988 3865 1074 3915 nuper
1102 3849 1252 3917 patriarcha
1279 3849 1363 3899 lactus
1386 3855 1446 3898 erat

257 3930 261 3940 ·
343 3918 375 3968 ad
395 3919 530 3984 antiquum
551 3933 650 3969 morem
673 3920 787 3969 adiutus.
825 3917 877 3968 hoc
896 3933 993 3970 novum
1018 3936 1128 3988 regnum
1158 3937 1190 3972 eo
1211 3921 1320 3970 nomine
1338 3919 1444 3970 consti.

343 3996 415 4040 tutus
436 3997 476 4040 est
495 3997 525 4038 ut
543 3988 613 4039 lilius
632 3997 758 4058 regnaret
775 4005 828 4042 una
843 4006 901 4040 eum
919 4000 993 4057 patre
1007 4008 1055 4060 per
1075 3995 1132 4044 eius
1151 3993 1247 4054 vitam3
1266 3998 1371 4042 mortuo
1391 4005 1444 4040 au.

343 4068 395 4110 tem
415 4074 447 4110 eo
469 4058 503 4108 ob
521 4068 686 4110 senectutem
707 4061 863 4112 hereditatis
888 4063 947 4113 iure
966 4061 1053 4114 libere
1063 4065 1139 4132 regni
1159 4061 1342 4132 gubernacula
1360 4070 1444 4114 tene.

342 4133 392 4182 r'et.
430 4145 490 4180 nam
515 4129 695 4198 Palaeologus
727 4146 811 4198 gener
836 4141 907 4184 totus
934 4135 962 4185 in
988 4135 1161 4196 oblivioneml
1180 4133 1317 4204 relegatus
1338 4141 1395 4184 erat
1417 4141 1445 4184 et

343 4203 429 4254 aditus
449 4202 481 4252 ad
499 4202 642 4252 amicitiam
662 4209 688 4253 et
707 4195 876 4255 conco'rdiam
896 4205 976 4271 plane
994 4206 1159 4272 praeclusus.

1520 3015 1521 3042 t

1520 3047 1521 3104 l

417 3421 420 3423 “
444 3402 646 3472 Agathangelus
671 3402 739 3454 haec
764 3419 844 3471 quum
869 3405 980 3456 dixisset
999 3361 1243 3472 tulissetque‘via
1268 3418 1320 3470 qua
1339 3402 1448 3455 solebat
1520 3365 1521 3408 λ

440 4296 505 4354 vtes
523 4283 628 4352 interea
646 4299 824 4369 praeterlapsi
842 4308 917 4353 erant
934 4317 988 4355 non
1005 4299 1084 4370 valde
1103 4285 1178 4359 malti
1198 4317 1277 4372 quum
1291 4299 1444 4387 llattlraeus
