<?xml version="1.0" encoding="UTF-8"?>
<!DOCTYPE html PUBLIC "-//W3C//DTD XHTML 1.0 Transitional//EN"
    "http://www.w3.org/TR/xhtml1/DTD/xhtml1-transitional.dtd">
<html xmlns="http://www.w3.org/1999/xhtml" xml:lang="en" lang="en">
 <head>
  <title>
</title>
<meta http-equiv="Content-Type" content="text/html;charset=utf-8" />
  <meta name='ocr-system' content='tesseract 3.04.00' />
  <meta name='ocr-capabilities' content='ocr_page ocr_carea ocr_par ocr_line ocrx_word'/>
</head>
<body>
  <div class='ocr_page' id='page_1' title='image "./nicephorigregor04schogoog_0216.png"; bbox 0 0 3184 5100; ppageno 0'>
   <div class='ocr_carea' id='block_1_1' title="bbox 253 338 1267 479">
    <p class='ocr_par' dir='ltr' id='par_1_1' title="bbox 253 338 1267 479">
     <span class='ocr_line' id='line_1_1' title="bbox 253 338 1267 479; baseline 0.007 -9"><span class='ocrx_word' id='word_1_1' title='bbox 253 402 477 472; x_wconf 79' lang='lat' dir='ltr'><strong>msronms</strong></span> <span class='ocrx_word' id='word_1_2' title='bbox 498 402 756 470; x_wconf 70' lang='lat' dir='ltr'><strong>amiantum</strong></span> <span class='ocrx_word' id='word_1_3' title='bbox 783 407 925 473; x_wconf 81' lang='lat' dir='ltr'><strong>xxvio.</strong></span> <span class='ocrx_word' id='word_1_4' title='bbox 947 387 1134 475; x_wconf 78' lang='lat' dir='ltr'><strong>to-to.</strong></span> <span class='ocrx_word' id='word_1_5' title='bbox 1190 338 1267 479; x_wconf 68' lang='lat' dir='ltr'><strong>‘aod</strong></span> 
     </span>
    </p>
   </div>
   <div class='ocr_carea' id='block_1_2' title="bbox 93 564 1493 2970">
    <p class='ocr_par' dir='ltr' id='par_1_2' title="bbox 93 564 1493 2970">
     <span class='ocr_line' id='line_1_2' title="bbox 161 564 1268 689; baseline 0.005 -60"><span class='ocrx_word' id='word_1_6' title='bbox 161 564 247 649; x_wconf 82' lang='grc' dir='ltr'><em>ε’μῆν</em></span> <span class='ocrx_word' id='word_1_7' title='bbox 268 565 578 686; x_wconf 62' lang='grc' dir='ltr'><em>ἀφικνεῖταιζοίκίαν,</em></span> <span class='ocrx_word' id='word_1_8' title='bbox 600 564 788 652; x_wconf 80' lang='grc' dir='ltr'><em>τοῦπατρὸς</em></span> <span class='ocrx_word' id='word_1_9' title='bbox 811 575 966 653; x_wconf 82' lang='grc' dir='ltr'><em>βασιλέως</em></span> <span class='ocrx_word' id='word_1_10' title='bbox 981 567 1187 689; x_wconf 72' lang='grc' dir='ltr'><strong>κελεύσαντος</strong></span> <span class='ocrx_word' id='word_1_11' title='bbox 1207 572 1268 652; x_wconf 87' lang='grc' dir='ltr'><strong>μέ-</strong></span> 
     </span>
     <span class='ocr_line' id='line_1_3' title="bbox 160 663 1313 753; baseline 0.003 -22"><span class='ocrx_word' id='word_1_12' title='bbox 160 689 222 731; x_wconf 91' lang='grc' dir='ltr'><strong>σον</strong></span> <span class='ocrx_word' id='word_1_13' title='bbox 241 668 410 749; x_wconf 75' lang='grc' dir='ltr'><em>γενόμενον</em></span> <span class='ocrx_word' id='word_1_14' title='bbox 443 677 551 733; x_wconf 83' lang='grc' dir='ltr'><em>πεῖσαι</em></span> <span class='ocrx_word' id='word_1_15' title='bbox 580 668 766 749; x_wconf 50' lang='grc' dir='ltr'><em>βοδιζειν(</em></span> <span class='ocrx_word' id='word_1_16' title='bbox 748 670 831 753; x_wconf 80' lang='grc' dir='ltr'><em>ημᾶς</em></span> <span class='ocrx_word' id='word_1_17' title='bbox 866 663 962 745; x_wconf 77' lang='grc' dir='ltr'><em>αὖθις</em></span> <span class='ocrx_word' id='word_1_18' title='bbox 995 672 1040 747; x_wconf 83' lang='grc' dir='ltr'><strong>εἰς</strong></span> <span class='ocrx_word' id='word_1_19' title='bbox 1061 664 1097 735; x_wconf 80' lang='grc' dir='ltr'><em>ι’δι</em></span> <span class='ocrx_word' id='word_1_20' title='bbox 1118 676 1266 752; x_wconf 85' lang='grc' dir='ltr'><em>βασιλειο</em></span> <span class='ocrx_word' id='word_1_21' title='bbox 1309 672 1313 679; x_wconf 76' lang='grc'>’</span> 
     </span>
     <span class='ocr_line' id='line_1_4' title="bbox 161 765 1266 890; baseline 0.004 -59"><span class='ocrx_word' id='word_1_22' title='bbox 161 793 219 832; x_wconf 88' lang='grc' dir='ltr'><em>κατ</em></span> <span class='ocrx_word' id='word_1_23' title='bbox 215 765 370 833; x_wconf 90' lang='grc' dir='ltr'><em>διδόναι</em></span> <span class='ocrx_word' id='word_1_24' title='bbox 394 773 454 851; x_wconf 78' lang='grc' dir='ltr'><strong>μὲν</strong></span> <span class='ocrx_word' id='word_1_25' title='bbox 477 795 534 843; x_wconf 87' lang='grc' dir='ltr'><strong>τας</strong></span> <span class='ocrx_word' id='word_1_26' title='bbox 557 772 709 844; x_wconf 75' lang='grc' dir='ltr'><strong><em>εἰωθυίας</em></strong></span> <span class='ocrx_word' id='word_1_27' title='bbox 731 778 796 888; x_wconf 87' lang='grc' dir='ltr'><em>τρῖς</em></span> <span class='ocrx_word' id='word_1_28' title='bbox 816 767 1046 851; x_wconf 75' lang='grc' dir='ltr'><em>βασιλεῦσιν</em></span> <span class='ocrx_word' id='word_1_29' title='bbox 1029 776 1109 856; x_wconf 83' lang='grc' dir='ltr'><em>ημᾶς</em></span> <span class='ocrx_word' id='word_1_30' title='bbox 1130 770 1266 890; x_wconf 59' lang='lat' dir='ltr'><strong>ipsisne,</strong></span> 
     </span>
     <span class='ocr_line' id='line_1_5' title="bbox 163 846 1372 952; baseline 0.002 -21"><span class='ocrx_word' id='word_1_31' title='bbox 163 866 414 951; x_wconf 75' lang='grc' dir='ltr'><em>ἀντιλαμβάνειν</em></span> <span class='ocrx_word' id='word_1_32' title='bbox 448 872 477 933; x_wconf 87' lang='grc' dir='ltr'><strong>δ’</strong></span> <span class='ocrx_word' id='word_1_33' title='bbox 505 872 629 934; x_wconf 77' lang='grc' dir='ltr'><em>ἐκεῖθεν</em></span> <span class='ocrx_word' id='word_1_34' title='bbox 662 868 783 952; x_wconf 86' lang='grc' dir='ltr'><em>σνχνάς</em></span> <span class='ocrx_word' id='word_1_35' title='bbox 808 871 863 933; x_wconf 81' lang='grc' dir='ltr'><em>καί</em></span> <span class='ocrx_word' id='word_1_36' title='bbox 892 846 1102 945; x_wconf 60' lang='grc' dir='ltr'><em>ποτ’κιλας</em></span> <span class='ocrx_word' id='word_1_37' title='bbox 1057 898 1100 935; x_wconf 85' lang='grc' dir='ltr'><strong>αα</strong></span> <span class='ocrx_word' id='word_1_38' title='bbox 1126 872 1183 947; x_wconf 84' lang='grc' dir='ltr'><em>τάς</em></span> <span class='ocrx_word' id='word_1_39' title='bbox 1204 877 1266 936; x_wconf 81' lang='grc' dir='ltr'><strong>τάν</strong></span> <span class='ocrx_word' id='word_1_40' title='bbox 1370 930 1372 933; x_wconf 87' lang='grc'>.</span> 
     </span>
     <span class='ocr_line' id='line_1_6' title="bbox 131 966 1267 1095; baseline 0.001 -59"><span class='ocrx_word' id='word_1_41' title='bbox 131 968 363 1036; x_wconf 75' lang='grc' dir='ltr'><em>δάντιδόσεων</em></span> <span class='ocrx_word' id='word_1_42' title='bbox 385 969 549 1095; x_wconf 86' lang='grc' dir='ltr'><em>ἀμοιβάς.</em></span> <span class='ocrx_word' id='word_1_43' title='bbox 557 970 626 1033; x_wconf 91' lang='grc' dir='ltr'><em>ἀλλ’</em></span> <span class='ocrx_word' id='word_1_44' title='bbox 650 974 729 1049; x_wconf 79' lang='grc' dir='ltr'><em>ἐμοῦ</em></span> <span class='ocrx_word' id='word_1_45' title='bbox 752 969 809 1053; x_wconf 68' lang='grc' dir='ltr'><strong>τὴν</strong></span> <span class='ocrx_word' id='word_1_46' title='bbox 831 966 1027 1056; x_wconf 79' lang='grc' dir='ltr'><em>παράκλησιν</em></span> <span class='ocrx_word' id='word_1_47' title='bbox 1049 996 1178 1057; x_wconf 82' lang='grc' dir='ltr'><em>ταατηνι</em></span> <span class='ocrx_word' id='word_1_48' title='bbox 1202 998 1267 1057; x_wconf 80' lang='grc' dir='ltr'><strong>μη-</strong></span> 
     </span>
     <span class='ocr_line' id='line_1_7' title="bbox 164 1070 1266 1197; baseline 0.002 -64"><span class='ocrx_word' id='word_1_49' title='bbox 164 1073 257 1156; x_wconf 79' lang='grc' dir='ltr'><em>δαμῇ</em></span> <span class='ocrx_word' id='word_1_50' title='bbox 290 1073 368 1155; x_wconf 85' lang='grc' dir='ltr'><em>μηδ’</em></span> <span class='ocrx_word' id='word_1_51' title='bbox 399 1074 434 1135; x_wconf 79' lang='grc' dir='ltr'><strong>ἐκ</strong></span> <span class='ocrx_word' id='word_1_52' title='bbox 461 1074 587 1155; x_wconf 80' lang='grc' dir='ltr'><em>πραίτης</em></span> <span class='ocrx_word' id='word_1_53' title='bbox 621 1074 876 1155; x_wconf 76' lang='grc' dir='ltr'><em>προσηκαμένου</em></span> <span class='ocrx_word' id='word_1_54' title='bbox 898 1076 1021 1197; x_wconf 77' lang='grc' dir='ltr'><em>φφνῇς,</em></span> <span class='ocrx_word' id='word_1_55' title='bbox 1045 1070 1103 1155; x_wconf 67' lang='grc' dir='ltr'><strong>τήν</strong></span> <span class='ocrx_word' id='word_1_56' title='bbox 1125 1076 1266 1155; x_wconf 72' lang='lat' dir='ltr'><strong>piciacus</strong></span> 
     </span>
     <span class='ocr_line' id='line_1_8' title="bbox 163 1165 1267 1260; baseline 0.006 -29"><span class='ocrx_word' id='word_1_57' title='bbox 163 1165 268 1245; x_wconf 83' lang='grc' dir='ltr'><em>εάθδς</em></span> <span class='ocrx_word' id='word_1_58' title='bbox 290 1173 404 1245; x_wconf 77' lang='grc' dir='ltr'><em>ἐκεῖνος</em></span> <span class='ocrx_word' id='word_1_59' title='bbox 427 1168 562 1253; x_wconf 75' lang='grc' dir='ltr'><em>ἑτέρωσε</em></span> <span class='ocrx_word' id='word_1_60' title='bbox 586 1174 833 1260; x_wconf 63' lang='grc' dir='ltr'><em>μετερρύθμιζε.</em></span> <span class='ocrx_word' id='word_1_61' title='bbox 878 1198 930 1235; x_wconf 86' lang='grc' dir='ltr'><em>και</em></span> <span class='ocrx_word' id='word_1_62' title='bbox 947 1169 1001 1237; x_wconf 79' lang='lat' dir='ltr'><strong>“st&#39;</strong></span> <span class='ocrx_word' id='word_1_63' title='bbox 1018 1176 1077 1253; x_wconf 79' lang='grc' dir='ltr'><strong>μὲν</strong></span> <span class='ocrx_word' id='word_1_64' title='bbox 1100 1176 1150 1258; x_wconf 82' lang='grc' dir='ltr'><strong>ἐφ’</strong></span> <span class='ocrx_word' id='word_1_65' title='bbox 1172 1172 1267 1258; x_wconf 75' lang='grc' dir='ltr'><em>ἦμῖν”</em></span> 
     </span>
     <span class='ocr_line' id='line_1_9' title="bbox 164 1265 1265 1359; baseline 0.003 -26"><span class='ocrx_word' id='word_1_66' title='bbox 164 1294 266 1353; x_wconf 79' lang='grc' dir='ltr'><em>φησιν</em></span> <span class='ocrx_word' id='word_1_67' title='bbox 283 1265 386 1335; x_wconf 69' lang='lat' dir='ltr'><strong>“sivos</strong></span> <span class='ocrx_word' id='word_1_68' title='bbox 408 1274 516 1357; x_wconf 75' lang='grc' dir='ltr'><em>λογίζῃ</em></span> <span class='ocrx_word' id='word_1_69' title='bbox 538 1274 596 1335; x_wconf 78' lang='grc' dir='ltr'><strong>τοῦ</strong></span> <span class='ocrx_word' id='word_1_70' title='bbox 617 1276 690 1353; x_wconf 90' lang='grc' dir='ltr'><strong>βιόν</strong></span> <span class='ocrx_word' id='word_1_71' title='bbox 713 1271 753 1335; x_wconf 87' lang='grc' dir='ltr'><em>τά</em></span> <span class='ocrx_word' id='word_1_72' title='bbox 776 1266 970 1357; x_wconf 79' lang='grc' dir='ltr'><em>πράγματα,</em></span> <span class='ocrx_word' id='word_1_73' title='bbox 993 1276 1047 1335; x_wconf 83' lang='grc' dir='ltr'><em>καί</em></span> <span class='ocrx_word' id='word_1_74' title='bbox 1068 1276 1107 1359; x_wconf 77' lang='grc' dir='ltr'><strong>τῇ</strong></span> <span class='ocrx_word' id='word_1_75' title='bbox 1127 1295 1161 1355; x_wconf 75' lang='grc' dir='ltr'><em>γε</em></span> <span class='ocrx_word' id='word_1_76' title='bbox 1186 1272 1265 1353; x_wconf 79' lang='grc' dir='ltr'><em>ἡμε-</em></span> 
     </span>
     <span class='ocr_line' id='line_1_10' title="bbox 161 1368 1346 1459; baseline 0.004 -27"><span class='ocrx_word' id='word_1_77' title='bbox 161 1374 241 1457; x_wconf 80' lang='grc' dir='ltr'><em>τέρρι</em></span> <span class='ocrx_word' id='word_1_78' title='bbox 262 1370 320 1444; x_wconf 86' lang='grc' dir='ltr'><em>τάς</em></span> <span class='ocrx_word' id='word_1_79' title='bbox 346 1370 435 1453; x_wconf 75' lang='grc' dir='ltr'><em>ἡνίας</em></span> <span class='ocrx_word' id='word_1_80' title='bbox 454 1371 563 1459; x_wconf 73' lang='grc' dir='ltr'><em>γνώμῃ</em></span> <span class='ocrx_word' id='word_1_81' title='bbox 585 1376 734 1455; x_wconf 73' lang='grc' dir='ltr'><strong>παρέχεις</strong></span> <span class='ocrx_word' id='word_1_82' title='bbox 755 1375 812 1437; x_wconf 83' lang='grc' dir='ltr'><strong>τοῦ</strong></span> <span class='ocrx_word' id='word_1_83' title='bbox 834 1378 968 1437; x_wconf 70' lang='grc' dir='ltr'><em>τοιοῖσδε</em></span> <span class='ocrx_word' id='word_1_84' title='bbox 987 1377 1042 1437; x_wconf 87' lang='grc' dir='ltr'><em>καί</em></span> <span class='ocrx_word' id='word_1_85' title='bbox 1061 1373 1106 1457; x_wconf 68' lang='grc' dir='ltr'><strong>μὴ</strong></span> <span class='ocrx_word' id='word_1_86' title='bbox 1132 1376 1185 1439; x_wconf 86' lang='grc' dir='ltr'><em>καί</em></span> <span class='ocrx_word' id='word_1_87' title='bbox 1206 1368 1266 1437; x_wconf 78' lang='grc' dir='ltr'><em>εἵλ-</em></span> <span class='ocrx_word' id='word_1_88' title='bbox 1343 1390 1346 1394; x_wconf 87' lang='grc'><strong>’</strong></span> 
     </span>
     <span class='ocr_line' id='line_1_11' title="bbox 116 1471 1263 1557; baseline 0.003 -22"><span class='ocrx_word' id='word_1_89' title='bbox 116 1485 151 1539; x_wconf 82' lang='lat'><strong>10</strong></span> <span class='ocrx_word' id='word_1_90' title='bbox 162 1474 227 1543; x_wconf 85' lang='grc' dir='ltr'><em>λαις</em></span> <span class='ocrx_word' id='word_1_91' title='bbox 252 1476 533 1552; x_wconf 65' lang='lat' dir='ltr'><strong>assandunam,</strong></span> <span class='ocrx_word' id='word_1_92' title='bbox 556 1483 684 1539; x_wconf 80' lang='grc' dir='ltr'><em>σκοπεῖν</em></span> <span class='ocrx_word' id='word_1_93' title='bbox 698 1498 734 1539; x_wconf 91' lang='grc' dir='ltr'><em>σε</em></span> <span class='ocrx_word' id='word_1_94' title='bbox 755 1471 860 1556; x_wconf 76' lang='grc' dir='ltr'><em>χρεών</em></span> <span class='ocrx_word' id='word_1_95' title='bbox 881 1472 926 1557; x_wconf 74' lang='grc' dir='ltr'><em>μή</em></span> <span class='ocrx_word' id='word_1_96' title='bbox 948 1476 1003 1538; x_wconf 84' lang='grc' dir='ltr'><em>καί</em></span> <span class='ocrx_word' id='word_1_97' title='bbox 1018 1472 1164 1557; x_wconf 85' lang='grc' dir='ltr'><em>σεαυτόν,</em></span> <span class='ocrx_word' id='word_1_98' title='bbox 1189 1477 1263 1555; x_wconf 83' lang='grc' dir='ltr'><em>μεθ’</em></span> 
     </span>
     <span class='ocr_line' id='line_1_12' title="bbox 162 1560 1264 1662; baseline 0.005 -29"><span class='ocrx_word' id='word_1_99' title='bbox 162 1560 212 1637; x_wconf 67' lang='grc' dir='ltr'><strong>οἷν.</strong></span> <span class='ocrx_word' id='word_1_100' title='bbox 233 1563 348 1654; x_wconf 73' lang='grc' dir='ltr'><em>ἑτέρων</em></span> <span class='ocrx_word' id='word_1_101' title='bbox 369 1574 501 1653; x_wconf 85' lang='grc' dir='ltr'><em>ἀδικεῖς,</em></span> <span class='ocrx_word' id='word_1_102' title='bbox 518 1570 679 1662; x_wconf 73' lang='grc' dir='ltr'><em>λανθάνρς</em></span> <span class='ocrx_word' id='word_1_103' title='bbox 702 1571 940 1655; x_wconf 82' lang='grc' dir='ltr'><em>δμοίωςάἀτδς</em></span> <span class='ocrx_word' id='word_1_104' title='bbox 962 1576 1098 1656; x_wconf 77' lang='grc' dir='ltr'><em>ἀδικῶν,</em></span> <span class='ocrx_word' id='word_1_105' title='bbox 1134 1574 1188 1640; x_wconf 84' lang='grc' dir='ltr'><em>καί</em></span> <span class='ocrx_word' id='word_1_106' title='bbox 1209 1576 1264 1658; x_wconf 76' lang='grc' dir='ltr'><em>τῆς</em></span> 
     </span>
     <span class='ocr_line' id='line_1_13' title="bbox 162 1671 1264 1761; baseline 0.002 -26"><span class='ocrx_word' id='word_1_107' title='bbox 162 1674 222 1755; x_wconf 79' lang='grc' dir='ltr'><em>σῆς</em></span> <span class='ocrx_word' id='word_1_108' title='bbox 256 1671 390 1750; x_wconf 76' lang='grc' dir='ltr'><em>πολλοὺς</em></span> <span class='ocrx_word' id='word_1_109' title='bbox 419 1673 547 1756; x_wconf 75' lang='grc' dir='ltr'><em>ὁμιλίας</em></span> <span class='ocrx_word' id='word_1_110' title='bbox 576 1675 655 1757; x_wconf 86' lang='grc' dir='ltr'><em>μετά</em></span> <span class='ocrx_word' id='word_1_111' title='bbox 685 1679 742 1760; x_wconf 79' lang='grc' dir='ltr'><em>τῆς</em></span> <span class='ocrx_word' id='word_1_112' title='bbox 767 1680 941 1761; x_wconf 76' lang='grc' dir='ltr'><strong>συμφυοῦς</strong></span> <span class='ocrx_word' id='word_1_113' title='bbox 971 1676 1155 1758; x_wconf 73' lang='grc' dir='ltr'><em>ἀποστερῶν</em></span> <span class='ocrx_word' id='word_1_114' title='bbox 1178 1678 1264 1760; x_wconf 79' lang='grc' dir='ltr'><em>ἀφε.</em></span> 
     </span>
     <span class='ocr_line' id='line_1_14' title="bbox 161 1770 1263 1864; baseline 0.005 -30"><span class='ocrx_word' id='word_1_115' title='bbox 161 1776 262 1854; x_wconf 89' lang='grc' dir='ltr'><em>λείας,</em></span> <span class='ocrx_word' id='word_1_116' title='bbox 282 1775 338 1838; x_wconf 81' lang='grc' dir='ltr'><em>καί</em></span> <span class='ocrx_word' id='word_1_117' title='bbox 348 1778 469 1862; x_wconf 76' lang='grc' dir='ltr'><em>σαυτὸν</em></span> <span class='ocrx_word' id='word_1_118' title='bbox 485 1775 583 1851; x_wconf 86' lang='grc' dir='ltr'><em>αδτδς</em></span> <span class='ocrx_word' id='word_1_119' title='bbox 598 1784 700 1864; x_wconf 79' lang='grc' dir='ltr'><em>φανῇς</em></span> <span class='ocrx_word' id='word_1_120' title='bbox 720 1776 800 1856; x_wconf 77' lang='grc' dir='ltr'><em>ὁμοῦ</em></span> <span class='ocrx_word' id='word_1_121' title='bbox 822 1778 950 1861; x_wconf 74' lang='grc' dir='ltr'><em>ζημιῶν,</em></span> <span class='ocrx_word' id='word_1_122' title='bbox 973 1777 1064 1861; x_wconf 81' lang='grc' dir='ltr'><em>δόξης</em></span> <span class='ocrx_word' id='word_1_123' title='bbox 1086 1776 1176 1851; x_wconf 79' lang='grc' dir='ltr'><em>θείας</em></span> <span class='ocrx_word' id='word_1_124' title='bbox 1195 1770 1263 1855; x_wconf 76' lang='grc' dir='ltr'><em>ἅμα</em></span> 
     </span>
     <span class='ocr_line' id='line_1_15' title="bbox 160 1871 1493 1963; baseline 0.007 -29"><span class='ocrx_word' id='word_1_125' title='bbox 160 1873 218 1936; x_wconf 81' lang='grc' dir='ltr'><em>καί</em></span> <span class='ocrx_word' id='word_1_126' title='bbox 241 1877 441 1962; x_wconf 69' lang='grc' dir='ltr'><strong>ἀνθρωπίνης</strong></span> <span class='ocrx_word' id='word_1_127' title='bbox 464 1875 498 1941; x_wconf 83' lang='grc' dir='ltr'><strong>έκ</strong></span> <span class='ocrx_word' id='word_1_128' title='bbox 517 1902 552 1959; x_wconf 80' lang='lat' dir='ltr'><strong>ys</strong></span> <span class='ocrx_word' id='word_1_129' title='bbox 575 1881 633 1941; x_wconf 76' lang='grc' dir='ltr'><strong>τοῦ</strong></span> <span class='ocrx_word' id='word_1_130' title='bbox 657 1880 843 1963; x_wconf 79' lang='grc' dir='ltr'><em>προφανοῦς</em></span> <span class='ocrx_word' id='word_1_131' title='bbox 867 1879 1048 1961; x_wconf 72' lang='grc' dir='ltr'><em>ἀποστερῶν</em></span> <span class='ocrx_word' id='word_1_132' title='bbox 1070 1874 1181 1941; x_wconf 79' lang='grc' dir='ltr'><em>ἓκαντί.</em></span> <span class='ocrx_word' id='word_1_133' title='bbox 1220 1871 1329 1949; x_wconf 64' lang='grc' dir='ltr'><strong>τάκ</strong></span> <span class='ocrx_word' id='word_1_134' title='bbox 1378 1948 1381 1955; x_wconf 20' lang='grc' dir='ltr'><strong>Δ</strong></span> <span class='ocrx_word' id='word_1_135' title='bbox 1489 1936 1493 1943; x_wconf 92' lang='grc'>.</span> 
     </span>
     <span class='ocr_line' id='line_1_16' title="bbox 114 1971 1261 2062; baseline 0.005 -27"><span class='ocrx_word' id='word_1_136' title='bbox 114 1984 149 2036; x_wconf 79' lang='lat'><strong>15</strong></span> <span class='ocrx_word' id='word_1_137' title='bbox 161 1998 196 2039; x_wconf 87' lang='grc' dir='ltr'><em>τε</em></span> <span class='ocrx_word' id='word_1_138' title='bbox 214 1973 276 2058; x_wconf 75' lang='grc' dir='ltr'><strong>γάρ</strong></span> <span class='ocrx_word' id='word_1_139' title='bbox 298 1971 381 2040; x_wconf 77' lang='grc' dir='ltr'><em>ἄλλα</em></span> <span class='ocrx_word' id='word_1_140' title='bbox 403 1981 458 2041; x_wconf 84' lang='grc' dir='ltr'><em>καί</em></span> <span class='ocrx_word' id='word_1_141' title='bbox 479 1979 518 2062; x_wconf 75' lang='grc' dir='ltr'><strong>δὴ</strong></span> <span class='ocrx_word' id='word_1_142' title='bbox 550 1978 605 2042; x_wconf 87' lang='grc' dir='ltr'><em>καί</em></span> <span class='ocrx_word' id='word_1_143' title='bbox 624 1978 678 2042; x_wconf 81' lang='grc' dir='ltr'><strong>τόν</strong></span> <span class='ocrx_word' id='word_1_144' title='bbox 706 1976 783 2060; x_wconf 87' lang='grc' dir='ltr'><em>ε’μόν</em></span> <span class='ocrx_word' id='word_1_145' title='bbox 806 1975 872 2061; x_wconf 78' lang='grc' dir='ltr'><strong>ὁρῶ</strong></span> <span class='ocrx_word' id='word_1_146' title='bbox 894 1984 1016 2060; x_wconf 77' lang='grc' dir='ltr'><em>πατέρα</em></span> <span class='ocrx_word' id='word_1_147' title='bbox 1045 1984 1100 2043; x_wconf 83' lang='grc' dir='ltr'><em>καί</em></span> <span class='ocrx_word' id='word_1_148' title='bbox 1118 1982 1261 2061; x_wconf 80' lang='grc' dir='ltr'><em>βασιλέα,</em></span> 
     </span>
     <span class='ocr_line' id='line_1_17' title="bbox 159 2075 1262 2165; baseline 0.003 -25"><span class='ocrx_word' id='word_1_149' title='bbox 159 2077 221 2140; x_wconf 80' lang='grc' dir='ltr'><em>στίν</em></span> <span class='ocrx_word' id='word_1_150' title='bbox 244 2101 277 2158; x_wconf 81' lang='lat' dir='ltr'><strong>ys</strong></span> <span class='ocrx_word' id='word_1_151' title='bbox 300 2078 401 2160; x_wconf 81' lang='grc' dir='ltr'><em>μητρί</em></span> <span class='ocrx_word' id='word_1_152' title='bbox 418 2101 482 2158; x_wconf 88' lang='grc' dir='ltr'><strong>μον</strong></span> <span class='ocrx_word' id='word_1_153' title='bbox 514 2081 552 2165; x_wconf 79' lang='grc' dir='ltr'><strong>τῇ</strong></span> <span class='ocrx_word' id='word_1_154' title='bbox 575 2081 737 2160; x_wconf 78' lang='grc' dir='ltr'><em>βασιλίδι,</em></span> <span class='ocrx_word' id='word_1_155' title='bbox 765 2078 845 2163; x_wconf 82' lang='grc' dir='ltr'><em>πρὸς</em></span> <span class='ocrx_word' id='word_1_156' title='bbox 867 2083 962 2144; x_wconf 76' lang='grc' dir='ltr'><em>τοῦτο</em></span> <span class='ocrx_word' id='word_1_157' title='bbox 996 2075 1154 2160; x_wconf 79' lang='grc' dir='ltr'><em>δμεταξδ</em></span> <span class='ocrx_word' id='word_1_158' title='bbox 1177 2105 1262 2161; x_wconf 83' lang='grc' dir='ltr'><em>σομ-</em></span> 
     </span>
     <span class='ocr_line' id='line_1_18' title="bbox 161 2173 1261 2265; baseline 0.004 -26"><span class='ocrx_word' id='word_1_159' title='bbox 161 2173 362 2241; x_wconf 80' lang='grc' dir='ltr'><em>πεπτωκέναι</em></span> <span class='ocrx_word' id='word_1_160' title='bbox 380 2184 590 2258; x_wconf 76' lang='grc' dir='ltr'><em>συμπέπτωκε</em></span> <span class='ocrx_word' id='word_1_161' title='bbox 610 2178 786 2261; x_wconf 83' lang='grc' dir='ltr'><em>μιεάμελσν</em></span> <span class='ocrx_word' id='word_1_162' title='bbox 808 2180 945 2263; x_wconf 89' lang='grc' dir='ltr'><em>σχόντας</em></span> <span class='ocrx_word' id='word_1_163' title='bbox 967 2180 1006 2242; x_wconf 83' lang='grc' dir='ltr'><em>ατί</em></span> <span class='ocrx_word' id='word_1_164' title='bbox 1033 2180 1122 2261; x_wconf 83' lang='grc' dir='ltr'><em>μάλα</em></span> <span class='ocrx_word' id='word_1_165' title='bbox 1146 2175 1261 2265; x_wconf 77' lang='grc' dir='ltr'><em>μικρὸν</em></span> 
     </span>
     <span class='ocr_line' id='line_1_19' title="bbox 160 2276 1258 2364; baseline 0.005 -26"><span class='ocrx_word' id='word_1_166' title='bbox 160 2276 238 2340; x_wconf 80' lang='grc' dir='ltr'><em>ον’δέ</em></span> <span class='ocrx_word' id='word_1_167' title='bbox 257 2276 338 2361; x_wconf 86' lang='grc' dir='ltr'><em>πρδς</em></span> <span class='ocrx_word' id='word_1_168' title='bbox 370 2276 405 2343; x_wconf 84' lang='grc' dir='ltr'><strong>τὸ</strong></span> <span class='ocrx_word' id='word_1_169' title='bbox 430 2278 721 2364; x_wconf 76' lang='grc' dir='ltr'><em>περιφρονούμενον</em></span> <span class='ocrx_word' id='word_1_170' title='bbox 754 2280 961 2363; x_wconf 79' lang='grc' dir='ltr'><em>ὑπορρέοντα.</em></span> <span class='ocrx_word' id='word_1_171' title='bbox 1003 2279 1178 2364; x_wconf 81' lang='grc' dir='ltr'><em>μέμνηνται</em></span> <span class='ocrx_word' id='word_1_172' title='bbox 1197 2276 1258 2363; x_wconf 75' lang='grc' dir='ltr'><strong>γάρ</strong></span> 
     </span>
     <span class='ocr_line' id='line_1_20' title="bbox 93 2375 1261 2497; baseline 0.003 -56"><span class='ocrx_word' id='word_1_173' title='bbox 93 2416 99 2423; x_wconf 47' lang='grc'><em>’</em></span> <span class='ocrx_word' id='word_1_174' title='bbox 159 2402 218 2441; x_wconf 86' lang='grc' dir='ltr'><strong>σου</strong></span> <span class='ocrx_word' id='word_1_175' title='bbox 241 2375 302 2441; x_wconf 72' lang='lat' dir='ltr'><strong>oris</strong></span> <span class='ocrx_word' id='word_1_176' title='bbox 333 2376 499 2460; x_wconf 80' lang='grc' dir='ltr'><em>θαάματι,</em></span> <span class='ocrx_word' id='word_1_177' title='bbox 528 2385 582 2444; x_wconf 85' lang='grc' dir='ltr'><em>καί</em></span> <span class='ocrx_word' id='word_1_178' title='bbox 611 2379 664 2443; x_wconf 86' lang='grc' dir='ltr'><strong>διά</strong></span> <span class='ocrx_word' id='word_1_179' title='bbox 694 2379 852 2497; x_wconf 76' lang='grc' dir='ltr'><em>φτόματος</em></span> <span class='ocrx_word' id='word_1_180' title='bbox 884 2379 1011 2499; x_wconf 73' lang='grc' dir='ltr'><em>ου’δαμρ</em></span> <span class='ocrx_word' id='word_1_181' title='bbox 1042 2384 1261 2446; x_wconf 87' lang='grc' dir='ltr'><em>διαλειποσσιν</em></span> 
     </span>
     <span class='ocr_line' id='line_1_21' title="bbox 112 2476 1260 2600; baseline 0.006 -64"><span class='ocrx_word' id='word_1_182' title='bbox 112 2479 226 2568; x_wconf 66' lang='grc' dir='ltr'><em>Ωθίδίρι</em></span> <span class='ocrx_word' id='word_1_183' title='bbox 254 2502 308 2541; x_wconf 89' lang='grc' dir='ltr'><em>και</em></span> <span class='ocrx_word' id='word_1_184' title='bbox 338 2482 475 2600; x_wconf 76' lang='grc' dir='ltr'><em>δφμσρίφ</em></span> <span class='ocrx_word' id='word_1_185' title='bbox 507 2487 616 2566; x_wconf 86' lang='grc' dir='ltr'><em>φέρειν</em></span> <span class='ocrx_word' id='word_1_186' title='bbox 643 2476 786 2564; x_wconf 84' lang='grc' dir='ltr'><em>εκάτεραι</em></span> <span class='ocrx_word' id='word_1_187' title='bbox 819 2478 858 2544; x_wconf 84' lang='grc' dir='ltr'><strong>τὰ</strong></span> <span class='ocrx_word' id='word_1_188' title='bbox 887 2477 928 2543; x_wconf 86' lang='grc' dir='ltr'><em>σά</em></span> <span class='ocrx_word' id='word_1_189' title='bbox 952 2504 1004 2543; x_wconf 91' lang='grc' dir='ltr'><em>και</em></span> <span class='ocrx_word' id='word_1_190' title='bbox 1030 2480 1260 2545; x_wconf 78' lang='grc' dir='ltr'><em>ἀνακαλεῖσθαι</em></span> 
     </span>
     <span class='ocr_line' id='line_1_22' title="bbox 157 2575 1297 2665; baseline 0.004 -23"><span class='ocrx_word' id='word_1_191' title='bbox 157 2575 281 2661; x_wconf 85' lang='grc' dir='ltr'><em>συχνά,</em></span> <span class='ocrx_word' id='word_1_192' title='bbox 304 2605 357 2644; x_wconf 90' lang='grc' dir='ltr'><em>και</em></span> <span class='ocrx_word' id='word_1_193' title='bbox 379 2577 521 2663; x_wconf 80' lang='grc' dir='ltr'><em>μα’λιστα</em></span> <span class='ocrx_word' id='word_1_194' title='bbox 543 2586 601 2646; x_wconf 78' lang='grc' dir='ltr'><strong>νῦν</strong></span> <span class='ocrx_word' id='word_1_195' title='bbox 624 2605 674 2646; x_wconf 81' lang='lat' dir='ltr'><strong>oro</strong></span> <span class='ocrx_word' id='word_1_196' title='bbox 690 2591 819 2664; x_wconf 83' lang='grc' dir='ltr'><em>συχνοῖς</em></span> <span class='ocrx_word' id='word_1_197' title='bbox 836 2587 1095 2665; x_wconf 87' lang='grc' dir='ltr'><em>περιαντλεῖσθσι</em></span> <span class='ocrx_word' id='word_1_198' title='bbox 1119 2587 1261 2664; x_wconf 80' lang='grc' dir='ltr'><em>σνμβαέ-</em></span> <span class='ocrx_word' id='word_1_199' title='bbox 1285 2635 1297 2658; x_wconf 82' lang='grc'><em>,</em></span> 
     </span>
     <span class='ocr_line' id='line_1_23' title="bbox 158 2677 1348 2772; baseline 0.001 -30"><span class='ocrx_word' id='word_1_200' title='bbox 158 2703 202 2743; x_wconf 83' lang='grc' dir='ltr'><em>νει</em></span> <span class='ocrx_word' id='word_1_201' title='bbox 225 2678 345 2761; x_wconf 85' lang='grc' dir='ltr'><em>βιαίοις</em></span> <span class='ocrx_word' id='word_1_202' title='bbox 368 2679 564 2764; x_wconf 79' lang='grc' dir='ltr'><em>πραγμάτοον</em></span> <span class='ocrx_word' id='word_1_203' title='bbox 587 2683 705 2763; x_wconf 84' lang='grc' dir='ltr'><em>κάμοσι</em></span> <span class='ocrx_word' id='word_1_204' title='bbox 729 2689 784 2748; x_wconf 87' lang='grc' dir='ltr'><em>καί</em></span> <span class='ocrx_word' id='word_1_205' title='bbox 805 2677 893 2772; x_wconf 84' lang='grc' dir='ltr'><strong>σάλφ</strong></span> <span class='ocrx_word' id='word_1_206' title='bbox 914 2684 1013 2766; x_wconf 77' lang='grc' dir='ltr'><em>τάχρς</em></span> <span class='ocrx_word' id='word_1_207' title='bbox 1035 2678 1170 2758; x_wconf 80' lang='grc' dir='ltr'><em>αάταίς·</em></span> <span class='ocrx_word' id='word_1_208' title='bbox 1207 2709 1258 2748; x_wconf 91' lang='grc' dir='ltr'><em>και</em></span> <span class='ocrx_word' id='word_1_209' title='bbox 1344 2736 1348 2743; x_wconf 93' lang='grc'>.</span> 
     </span>
     <span class='ocr_line' id='line_1_24' title="bbox 157 2773 1258 2870; baseline 0.005 -30"><span class='ocrx_word' id='word_1_210' title='bbox 157 2773 223 2854; x_wconf 82' lang='grc' dir='ltr'><em>αίος</em></span> <span class='ocrx_word' id='word_1_211' title='bbox 244 2778 284 2844; x_wconf 76' lang='lat' dir='ltr'><strong>od</strong></span> <span class='ocrx_word' id='word_1_212' title='bbox 307 2783 485 2865; x_wconf 80' lang='grc' dir='ltr'><em>δεομένους,</em></span> <span class='ocrx_word' id='word_1_213' title='bbox 505 2781 593 2868; x_wconf 83' lang='grc' dir='ltr'><em>εἴπερ</em></span> <span class='ocrx_word' id='word_1_214' title='bbox 621 2788 707 2864; x_wconf 87' lang='grc' dir='ltr'><em>ποθ’,</em></span> <span class='ocrx_word' id='word_1_215' title='bbox 739 2783 892 2868; x_wconf 64' lang='lat' dir='ltr'><strong>oprimi</strong></span> <span class='ocrx_word' id='word_1_216' title='bbox 916 2781 1006 2870; x_wconf 54' lang='grc' dir='ltr'><strong>ιπρὸς</strong></span> <span class='ocrx_word' id='word_1_217' title='bbox 1036 2788 1258 2868; x_wconf 88' lang='grc' dir='ltr'><em>παραμοθιάν,</em></span> 
     </span>
     <span class='ocr_line' id='line_1_25' title="bbox 157 2879 1258 2970; baseline 0.004 -28"><span class='ocrx_word' id='word_1_218' title='bbox 157 2879 302 2965; x_wconf 76' lang='grc' dir='ltr'><em>ζεφύρου</em></span> <span class='ocrx_word' id='word_1_219' title='bbox 324 2880 424 2970; x_wconf 91' lang='grc' dir='ltr'><em>φάναι</em></span> <span class='ocrx_word' id='word_1_220' title='bbox 446 2883 530 2960; x_wconf 79' lang='grc' dir='ltr'><em>τινὸς</em></span> <span class='ocrx_word' id='word_1_221' title='bbox 552 2884 668 2969; x_wconf 77' lang='grc' dir='ltr'><em>ἡδονῆς</em></span> <span class='ocrx_word' id='word_1_222' title='bbox 689 2885 883 2968; x_wconf 76' lang='grc' dir='ltr'><em>α’ἀτοαργοῦ,</em></span> <span class='ocrx_word' id='word_1_223' title='bbox 905 2887 959 2949; x_wconf 86' lang='grc' dir='ltr'><em>καί</em></span> <span class='ocrx_word' id='word_1_224' title='bbox 984 2889 1134 2970; x_wconf 78' lang='grc' dir='ltr'><em>χορηγεῖν</em></span> <span class='ocrx_word' id='word_1_225' title='bbox 1157 2905 1258 2970; x_wconf 89' lang='grc' dir='ltr'><em>παρε-</em></span> 
     </span>
    </p>
   </div>
   <div class='ocr_carea' id='block_1_3' title="bbox 152 3151 1392 4289">
    <p class='ocr_par' dir='ltr' id='par_1_3' title="bbox 156 3151 1338 3577">
     <span class='ocr_line' id='line_1_26' title="bbox 156 3151 1257 3223; baseline 0.002 -19"><span class='ocrx_word' id='word_1_226' title='bbox 156 3151 286 3205; x_wconf 85' lang='lat' dir='ltr'><strong>iuveniiis</strong></span> <span class='ocrx_word' id='word_1_227' title='bbox 303 3169 353 3206; x_wconf 84' lang='lat' dir='ltr'><strong>rex</strong></span> <span class='ocrx_word' id='word_1_228' title='bbox 373 3155 401 3206; x_wconf 90' lang='lat' dir='ltr'><strong>in</strong></span> <span class='ocrx_word' id='word_1_229' title='bbox 420 3153 473 3206; x_wconf 87' lang='lat' dir='ltr'><strong>hoc</strong></span> <span class='ocrx_word' id='word_1_230' title='bbox 492 3153 629 3208; x_wconf 73' lang='lat' dir='ltr'><strong>custodiae</strong></span> <span class='ocrx_word' id='word_1_231' title='bbox 646 3170 723 3207; x_wconf 87' lang='lat' dir='ltr'><strong>meaa</strong></span> <span class='ocrx_word' id='word_1_232' title='bbox 743 3153 906 3207; x_wconf 77' lang='lat' dir='ltr'><strong>domicilium</strong></span> <span class='ocrx_word' id='word_1_233' title='bbox 931 3152 1016 3218; x_wconf 81' lang='lat' dir='ltr'><strong>venit,</strong></span> <span class='ocrx_word' id='word_1_234' title='bbox 1037 3160 1064 3204; x_wconf 89' lang='lat' dir='ltr'><strong>et</strong></span> <span class='ocrx_word' id='word_1_235' title='bbox 1084 3151 1166 3220; x_wconf 82' lang='lat' dir='ltr'><strong>patria</strong></span> <span class='ocrx_word' id='word_1_236' title='bbox 1184 3153 1257 3223; x_wconf 77' lang='lat' dir='ltr'><strong>regia</strong></span> 
     </span>
     <span class='ocr_line' id='line_1_27' title="bbox 156 3225 1257 3293; baseline -0.003 -18"><span class='ocrx_word' id='word_1_237' title='bbox 156 3226 232 3276; x_wconf 86' lang='lat' dir='ltr'><strong>iussu</strong></span> <span class='ocrx_word' id='word_1_238' title='bbox 249 3226 437 3277; x_wconf 78' lang='lat' dir='ltr'><strong>intercedendo</strong></span> <span class='ocrx_word' id='word_1_239' title='bbox 457 3235 484 3278; x_wconf 88' lang='lat' dir='ltr'><strong>et</strong></span> <span class='ocrx_word' id='word_1_240' title='bbox 507 3228 691 3293; x_wconf 88' lang='lat' dir='ltr'><strong>persuadendo</strong></span> <span class='ocrx_word' id='word_1_241' title='bbox 717 3242 759 3277; x_wconf 91' lang='lat' dir='ltr'><strong>mo</strong></span> <span class='ocrx_word' id='word_1_242' title='bbox 778 3227 861 3290; x_wconf 89' lang='lat' dir='ltr'><strong>adiit,</strong></span> <span class='ocrx_word' id='word_1_243' title='bbox 881 3233 910 3277; x_wconf 88' lang='lat' dir='ltr'><strong>ut</strong></span> <span class='ocrx_word' id='word_1_244' title='bbox 928 3239 1018 3276; x_wconf 87' lang='lat' dir='ltr'><strong>rursus</strong></span> <span class='ocrx_word' id='word_1_245' title='bbox 1037 3225 1065 3274; x_wconf 92' lang='lat' dir='ltr'><strong>in</strong></span> <span class='ocrx_word' id='word_1_246' title='bbox 1084 3226 1185 3292; x_wconf 86' lang='lat' dir='ltr'><strong>regiam</strong></span> <span class='ocrx_word' id='word_1_247' title='bbox 1205 3241 1257 3277; x_wconf 79' lang='lat' dir='ltr'><strong>ve.</strong></span> 
     </span>
     <span class='ocr_line' id='line_1_28' title="bbox 156 3298 1338 3365; baseline -0.003 -17"><span class='ocrx_word' id='word_1_248' title='bbox 156 3298 243 3348; x_wconf 90' lang='lat' dir='ltr'><strong>nircm</strong></span> <span class='ocrx_word' id='word_1_249' title='bbox 262 3304 289 3346; x_wconf 86' lang='lat' dir='ltr'><strong>et</strong></span> <span class='ocrx_word' id='word_1_250' title='bbox 307 3306 416 3363; x_wconf 88' lang='lat' dir='ltr'><strong>recepta</strong></span> <span class='ocrx_word' id='word_1_251' title='bbox 435 3313 476 3361; x_wconf 89' lang='lat' dir='ltr'><strong>ea,</strong></span> <span class='ocrx_word' id='word_1_252' title='bbox 496 3314 548 3365; x_wconf 87' lang='lat' dir='ltr'><strong>qua</strong></span> <span class='ocrx_word' id='word_1_253' title='bbox 567 3307 645 3350; x_wconf 87' lang='lat' dir='ltr'><strong>antea</strong></span> <span class='ocrx_word' id='word_1_254' title='bbox 665 3313 835 3350; x_wconf 73' lang='lat' dir='ltr'>consuessem</span> <span class='ocrx_word' id='word_1_255' title='bbox 856 3313 913 3348; x_wconf 88' lang='lat' dir='ltr'><strong>cum</strong></span> <span class='ocrx_word' id='word_1_256' title='bbox 934 3312 1089 3363; x_wconf 59' lang='lat' dir='ltr'><strong>rege‘esse,</strong></span> <span class='ocrx_word' id='word_1_257' title='bbox 1110 3303 1256 3346; x_wconf 87' lang='lat' dir='ltr'><strong>consuetu.</strong></span> <span class='ocrx_word' id='word_1_258' title='bbox 1331 3309 1338 3322; x_wconf 32' lang='grc' dir='ltr'><em>ν</em></span> 
     </span>
     <span class='ocr_line' id='line_1_29' title="bbox 157 3367 1295 3436; baseline -0.002 -18"><span class='ocrx_word' id='word_1_259' title='bbox 157 3368 231 3430; x_wconf 88' lang='lat' dir='ltr'><strong>dine,</strong></span> <span class='ocrx_word' id='word_1_260' title='bbox 252 3367 393 3419; x_wconf 84' lang='lat' dir='ltr'><strong>multorum</strong></span> <span class='ocrx_word' id='word_1_261' title='bbox 414 3369 476 3420; x_wconf 88' lang='lat' dir='ltr'><strong>inde</strong></span> <span class='ocrx_word' id='word_1_262' title='bbox 496 3377 523 3420; x_wconf 90' lang='lat' dir='ltr'><strong>et</strong></span> <span class='ocrx_word' id='word_1_263' title='bbox 541 3371 676 3420; x_wconf 83' lang='lat' dir='ltr'><strong>variorum</strong></span> <span class='ocrx_word' id='word_1_264' title='bbox 698 3370 845 3420; x_wconf 86' lang='lat' dir='ltr'><strong>oiiiciorum</strong></span> <span class='ocrx_word' id='word_1_265' title='bbox 867 3367 1078 3420; x_wconf 85' lang='lat' dir='ltr'><strong>vicissitudinem</strong></span> <span class='ocrx_word' id='word_1_266' title='bbox 1097 3368 1254 3434; x_wconf 81' lang='lat' dir='ltr'><strong>reciperem.</strong></span> <span class='ocrx_word' id='word_1_267' title='bbox 1289 3431 1295 3436; x_wconf 29' lang='lat'>¹</span> 
     </span>
     <span class='ocr_line' id='line_1_30' title="bbox 158 3438 1255 3506; baseline 0 -18"><span class='ocrx_word' id='word_1_268' title='bbox 158 3438 282 3506; x_wconf 83' lang='lat' dir='ltr'><strong>equidem</strong></span> <span class='ocrx_word' id='word_1_269' title='bbox 315 3455 394 3506; x_wconf 82' lang='lat' dir='ltr'><strong>quum</strong></span> <span class='ocrx_word' id='word_1_270' title='bbox 421 3440 599 3496; x_wconf 72' lang='lat' dir='ltr'><strong>hortationem</strong></span> <span class='ocrx_word' id='word_1_271' title='bbox 625 3440 700 3491; x_wconf 91' lang='lat' dir='ltr'><strong>iilam</strong></span> <span class='ocrx_word' id='word_1_272' title='bbox 722 3442 774 3490; x_wconf 91' lang='lat' dir='ltr'><strong>iam</strong></span> <span class='ocrx_word' id='word_1_273' title='bbox 792 3440 826 3490; x_wconf 92' lang='lat' dir='ltr'><strong>ab</strong></span> <span class='ocrx_word' id='word_1_274' title='bbox 852 3441 930 3490; x_wconf 89' lang='lat' dir='ltr'><strong>initio</strong></span> <span class='ocrx_word' id='word_1_275' title='bbox 958 3439 1086 3490; x_wconf 89' lang='lat' dir='ltr'><strong>orationis</strong></span> <span class='ocrx_word' id='word_1_276' title='bbox 1105 3452 1255 3501; x_wconf 83' lang='lat' dir='ltr'><strong>atersarer,</strong></span> 
     </span>
     <span class='ocr_line' id='line_1_31' title="bbox 156 3508 1255 3577; baseline 0 -19"><span class='ocrx_word' id='word_1_277' title='bbox 156 3508 267 3576; x_wconf 75' lang='lat' dir='ltr'><strong>linguae</strong></span> <span class='ocrx_word' id='word_1_278' title='bbox 286 3508 484 3562; x_wconf 86' lang='lat' dir='ltr'><strong>lenitatemilic</strong></span> <span class='ocrx_word' id='word_1_279' title='bbox 502 3513 590 3563; x_wconf 86' lang='lat' dir='ltr'><strong>statim</strong></span> <span class='ocrx_word' id='word_1_280' title='bbox 609 3513 644 3568; x_wconf 88' lang='lat' dir='ltr'><strong>in</strong></span> <span class='ocrx_word' id='word_1_281' title='bbox 654 3512 764 3562; x_wconf 84' lang='lat' dir='ltr'><strong>aiteram</strong></span> <span class='ocrx_word' id='word_1_282' title='bbox 783 3519 885 3577; x_wconf 86' lang='lat' dir='ltr'><strong>partem</strong></span> <span class='ocrx_word' id='word_1_283' title='bbox 903 3511 1024 3561; x_wconf 84' lang='lat' dir='ltr'><strong>mutavit.</strong></span> <span class='ocrx_word' id='word_1_284' title='bbox 1045 3517 1143 3576; x_wconf 87' lang='lat' dir='ltr'><strong>atque.</strong></span> <span class='ocrx_word' id='word_1_285' title='bbox 1162 3509 1185 3559; x_wconf 89' lang='lat' dir='ltr'><strong>si</strong></span> <span class='ocrx_word' id='word_1_286' title='bbox 1204 3523 1255 3574; x_wconf 86' lang='lat' dir='ltr'><strong>pe-</strong></span> 
     </span>
    </p>

    <p class='ocr_par' dir='ltr' id='par_1_4' title="bbox 154 3578 1254 3666">
     <span class='ocr_line' id='line_1_32' title="bbox 154 3578 1254 3666; baseline -0.002 -36"><span class='ocrx_word' id='word_1_287' title='bbox 154 3594 205 3630; x_wconf 89' lang='lat' dir='ltr'><strong>nes</strong></span> <span class='ocrx_word' id='word_1_288' title='bbox 229 3594 279 3630; x_wconf 91' lang='lat' dir='ltr'><strong>nos</strong></span> <span class='ocrx_word' id='word_1_289' title='bbox 305 3596 382 3645; x_wconf 82' lang='lat' dir='ltr'><strong>esse,</strong></span> <span class='ocrx_word' id='word_1_290' title='bbox 401 3583 498 3650; x_wconf 87' lang='lat' dir='ltr'><strong>inquit,</strong></span> <span class='ocrx_word' id='word_1_291' title='bbox 517 3583 590 3634; x_wconf 82' lang='lat' dir='ltr'><strong>vitae</strong></span> <span class='ocrx_word' id='word_1_292' title='bbox 613 3585 723 3666; x_wconf 71' lang='grc' dir='ltr'><em>περσεία</em></span> <span class='ocrx_word' id='word_1_293' title='bbox 747 3591 824 3648; x_wconf 87' lang='lat' dir='ltr'><strong>putas</strong></span> <span class='ocrx_word' id='word_1_294' title='bbox 844 3590 871 3633; x_wconf 90' lang='lat' dir='ltr'><strong>ct</strong></span> <span class='ocrx_word' id='word_1_295' title='bbox 893 3589 986 3632; x_wconf 86' lang='lat' dir='ltr'><strong>nostro</strong></span> <span class='ocrx_word' id='word_1_296' title='bbox 1011 3579 1122 3631; x_wconf 81' lang='lat' dir='ltr'><strong>arbitrio</strong></span> <span class='ocrx_word' id='word_1_297' title='bbox 1141 3578 1190 3630; x_wconf 91' lang='lat' dir='ltr'><strong>ilia</strong></span> <span class='ocrx_word' id='word_1_298' title='bbox 1208 3595 1254 3630; x_wconf 88' lang='lat' dir='ltr'><strong>re-</strong></span> 
     </span>
    </p>

    <p class='ocr_par' dir='ltr' id='par_1_5' title="bbox 153 3649 1392 3933">
     <span class='ocr_line' id='line_1_33' title="bbox 155 3649 1392 3722; baseline 0.002 -22"><span class='ocrx_word' id='word_1_299' title='bbox 155 3650 235 3718; x_wconf 81' lang='lat' dir='ltr'><strong>gendi</strong></span> <span class='ocrx_word' id='word_1_300' title='bbox 254 3659 413 3716; x_wconf 84' lang='lat' dir='ltr'><strong>potestatem</strong></span> <span class='ocrx_word' id='word_1_301' title='bbox 431 3654 573 3716; x_wconf 80' lang='lat' dir='ltr'><strong>concedis,</strong></span> <span class='ocrx_word' id='word_1_302' title='bbox 598 3655 805 3720; x_wconf 85' lang='lat' dir='ltr'><strong>circumspicere</strong></span> <span class='ocrx_word' id='word_1_303' title='bbox 823 3660 850 3704; x_wconf 86' lang='lat' dir='ltr'><strong>te</strong></span> <span class='ocrx_word' id='word_1_304' title='bbox 875 3659 982 3718; x_wconf 87' lang='lat' dir='ltr'><strong>oportet</strong></span> <span class='ocrx_word' id='word_1_305' title='bbox 1000 3667 1035 3702; x_wconf 84' lang='lat' dir='ltr'><strong>ne</strong></span> <span class='ocrx_word' id='word_1_306' title='bbox 1062 3658 1167 3717; x_wconf 86' lang='lat' dir='ltr'><strong>practer</strong></span> <span class='ocrx_word' id='word_1_307' title='bbox 1187 3649 1255 3702; x_wconf 79' lang='lat' dir='ltr'><strong>aiios</strong></span> <span class='ocrx_word' id='word_1_308' title='bbox 1388 3713 1392 3722; x_wconf 74' lang='lat'>‚</span> 
     </span>
     <span class='ocr_line' id='line_1_34' title="bbox 154 3721 1314 3806; baseline 0 -34"><span class='ocrx_word' id='word_1_309' title='bbox 154 3729 182 3772; x_wconf 85' lang='lat' dir='ltr'><strong>te</strong></span> <span class='ocrx_word' id='word_1_310' title='bbox 203 3726 311 3788; x_wconf 75' lang='lat' dir='ltr'><strong>qnoque</strong></span> <span class='ocrx_word' id='word_1_311' title='bbox 341 3724 400 3790; x_wconf 90' lang='lat' dir='ltr'><strong>ipse</strong></span> <span class='ocrx_word' id='word_1_312' title='bbox 424 3724 548 3775; x_wconf 83' lang='lat' dir='ltr'><strong>similiter</strong></span> <span class='ocrx_word' id='word_1_313' title='bbox 575 3726 675 3776; x_wconf 85' lang='lat' dir='ltr'><strong>invitus</strong></span> <span class='ocrx_word' id='word_1_314' title='bbox 700 3726 820 3787; x_wconf 90' lang='lat' dir='ltr'><strong>crucies,</strong></span> <span class='ocrx_word' id='word_1_315' title='bbox 846 3725 892 3775; x_wconf 88' lang='lat' dir='ltr'><strong>sed</strong></span> <span class='ocrx_word' id='word_1_316' title='bbox 911 3731 940 3772; x_wconf 92' lang='lat' dir='ltr'><strong>ut</strong></span> <span class='ocrx_word' id='word_1_317' title='bbox 964 3721 1101 3790; x_wconf 81' lang='lat' dir='ltr'><strong>inteiligas</strong></span> <span class='ocrx_word' id='word_1_318' title='bbox 1121 3721 1253 3806; x_wconf 82' lang='lat' dir='ltr'><strong>quomodo</strong></span> <span class='ocrx_word' id='word_1_319' title='bbox 1304 3748 1314 3755; x_wconf 69' lang='lat'>-</span> 
     </span>
     <span class='ocr_line' id='line_1_35' title="bbox 155 3792 1251 3860; baseline 0.001 -18"><span class='ocrx_word' id='word_1_320' title='bbox 155 3794 349 3845; x_wconf 84' lang='lat' dir='ltr'><strong>consuetudine</strong></span> <span class='ocrx_word' id='word_1_321' title='bbox 367 3802 412 3844; x_wconf 87' lang='lat' dir='ltr'><strong>tua</strong></span> <span class='ocrx_word' id='word_1_322' title='bbox 430 3811 489 3846; x_wconf 91' lang='lat' dir='ltr'><strong>cum</strong></span> <span class='ocrx_word' id='word_1_323' title='bbox 513 3795 629 3846; x_wconf 87' lang='lat' dir='ltr'><strong>utilitate</strong></span> <span class='ocrx_word' id='word_1_324' title='bbox 657 3797 800 3846; x_wconf 89' lang='lat' dir='ltr'><strong>coniuncta</strong></span> <span class='ocrx_word' id='word_1_325' title='bbox 820 3794 917 3844; x_wconf 88' lang='lat' dir='ltr'><strong>multos</strong></span> <span class='ocrx_word' id='word_1_326' title='bbox 945 3792 1080 3860; x_wconf 74' lang='lat' dir='ltr'><strong>exspolies</strong></span> <span class='ocrx_word' id='word_1_327' title='bbox 1099 3795 1203 3860; x_wconf 85' lang='lat' dir='ltr'><strong>etipse</strong></span> <span class='ocrx_word' id='word_1_328' title='bbox 1224 3801 1251 3843; x_wconf 85' lang='lat' dir='ltr'><strong>to</strong></span> 
     </span>
     <span class='ocr_line' id='line_1_36' title="bbox 153 3863 1249 3933; baseline 0.002 -21"><span class='ocrx_word' id='word_1_329' title='bbox 153 3864 265 3930; x_wconf 87' lang='lat' dir='ltr'><strong>punias,</strong></span> <span class='ocrx_word' id='word_1_330' title='bbox 287 3880 367 3932; x_wconf 87' lang='lat' dir='ltr'><strong>quum</strong></span> <span class='ocrx_word' id='word_1_331' title='bbox 393 3866 437 3916; x_wconf 91' lang='lat' dir='ltr'><strong>dei</strong></span> <span class='ocrx_word' id='word_1_332' title='bbox 456 3865 544 3932; x_wconf 76' lang='lat' dir='ltr'><strong>gioria</strong></span> <span class='ocrx_word' id='word_1_333' title='bbox 566 3875 645 3933; x_wconf 86' lang='lat' dir='ltr'><strong>atque</strong></span> <span class='ocrx_word' id='word_1_334' title='bbox 670 3866 804 3916; x_wconf 88' lang='lat' dir='ltr'><strong>hominum</strong></span> <span class='ocrx_word' id='word_1_335' title='bbox 825 3881 859 3916; x_wconf 84' lang='lat' dir='ltr'><strong>ex</strong></span> <span class='ocrx_word' id='word_1_336' title='bbox 877 3872 969 3930; x_wconf 88' lang='lat' dir='ltr'><strong>aperto</strong></span> <span class='ocrx_word' id='word_1_337' title='bbox 998 3871 1025 3914; x_wconf 91' lang='lat' dir='ltr'><strong>te</strong></span> <span class='ocrx_word' id='word_1_338' title='bbox 1043 3871 1138 3930; x_wconf 88' lang='lat' dir='ltr'><strong>sponte</strong></span> <span class='ocrx_word' id='word_1_339' title='bbox 1160 3863 1249 3915; x_wconf 87' lang='lat' dir='ltr'><strong>orbes.</strong></span> 
     </span>
    </p>

    <p class='ocr_par' dir='ltr' id='par_1_6' title="bbox 152 3935 1250 4004">
     <span class='ocr_line' id='line_1_37' title="bbox 152 3935 1250 4004; baseline 0 -20"><span class='ocrx_word' id='word_1_340' title='bbox 152 3949 212 3984; x_wconf 88' lang='lat' dir='ltr'><strong>uam</strong></span> <span class='ocrx_word' id='word_1_341' title='bbox 232 3935 271 3984; x_wconf 88' lang='lat' dir='ltr'><strong>uti</strong></span> <span class='ocrx_word' id='word_1_342' title='bbox 296 3943 386 3987; x_wconf 86' lang='lat' dir='ltr'><strong>cetera</strong></span> <span class='ocrx_word' id='word_1_343' title='bbox 406 3939 538 3999; x_wconf 87' lang='lat' dir='ltr'><strong>omittam,</strong></span> <span class='ocrx_word' id='word_1_344' title='bbox 561 3938 630 4004; x_wconf 90' lang='lat' dir='ltr'><strong>patri</strong></span> <span class='ocrx_word' id='word_1_345' title='bbox 659 3951 719 3986; x_wconf 91' lang='lat' dir='ltr'><strong>mco</strong></span> <span class='ocrx_word' id='word_1_346' title='bbox 746 3937 806 4004; x_wconf 80' lang='lat' dir='ltr'><strong>regi</strong></span> <span class='ocrx_word' id='word_1_347' title='bbox 833 3944 859 3987; x_wconf 84' lang='lat' dir='ltr'><strong>et</strong></span> <span class='ocrx_word' id='word_1_348' title='bbox 883 3935 959 3986; x_wconf 88' lang='lat' dir='ltr'><strong>matri</strong></span> <span class='ocrx_word' id='word_1_349' title='bbox 987 3936 1097 4001; x_wconf 82' lang='lat' dir='ltr'><strong>reginae</strong></span> <span class='ocrx_word' id='word_1_350' title='bbox 1117 3935 1196 3986; x_wconf 84' lang='lat' dir='ltr'><strong>uideo</strong></span> <span class='ocrx_word' id='word_1_351' title='bbox 1216 3949 1250 3984; x_wconf 87' lang='lat' dir='ltr'><strong>ex</strong></span> 
     </span>
    </p>

    <p class='ocr_par' dir='ltr' id='par_1_7' title="bbox 152 4004 1348 4289">
     <span class='ocr_line' id='line_1_38' title="bbox 152 4004 1251 4074; baseline 0.002 -20"><span class='ocrx_word' id='word_1_352' title='bbox 152 4004 202 4056; x_wconf 92' lang='lat' dir='ltr'><strong>ilia</strong></span> <span class='ocrx_word' id='word_1_353' title='bbox 221 4021 251 4055; x_wconf 89' lang='lat' dir='ltr'><strong>re</strong></span> <span class='ocrx_word' id='word_1_354' title='bbox 264 4020 333 4073; x_wconf 84' lang='lat' dir='ltr'><strong>quae</strong></span> <span class='ocrx_word' id='word_1_355' title='bbox 344 4007 448 4058; x_wconf 87' lang='lat' dir='ltr'><strong>interea</strong></span> <span class='ocrx_word' id='word_1_356' title='bbox 466 4009 563 4058; x_wconf 87' lang='lat' dir='ltr'><strong>accidit</strong></span> <span class='ocrx_word' id='word_1_357' title='bbox 579 4007 698 4058; x_wconf 91' lang='lat' dir='ltr'><strong>dolorem</strong></span> <span class='ocrx_word' id='word_1_358' title='bbox 710 4023 770 4058; x_wconf 88' lang='lat' dir='ltr'><strong>esse</strong></span> <span class='ocrx_word' id='word_1_359' title='bbox 791 4008 859 4057; x_wconf 89' lang='lat' dir='ltr'><strong>haud</strong></span> <span class='ocrx_word' id='word_1_360' title='bbox 873 4006 962 4057; x_wconf 86' lang='lat' dir='ltr'><strong>levem</strong></span> <span class='ocrx_word' id='word_1_361' title='bbox 976 4013 1055 4072; x_wconf 87' lang='lat' dir='ltr'><strong>atque</strong></span> <span class='ocrx_word' id='word_1_362' title='bbox 1074 4005 1107 4056; x_wconf 89' lang='lat' dir='ltr'><strong>ab</strong></span> <span class='ocrx_word' id='word_1_363' title='bbox 1125 4005 1251 4074; x_wconf 80' lang='lat' dir='ltr'><strong>neglecta</strong></span> 
     </span>
     <span class='ocr_line' id='line_1_39' title="bbox 153 4075 1348 4158; baseline 0 -32"><span class='ocrx_word' id='word_1_364' title='bbox 153 4075 281 4126; x_wconf 90' lang='lat' dir='ltr'><strong>alienum.</strong></span> <span class='ocrx_word' id='word_1_365' title='bbox 300 4078 474 4130; x_wconf 88' lang='lat' dir='ltr'><strong>recordantur</strong></span> <span class='ocrx_word' id='word_1_366' title='bbox 499 4081 568 4130; x_wconf 89' lang='lat' dir='ltr'><strong>enim</strong></span> <span class='ocrx_word' id='word_1_367' title='bbox 589 4080 700 4129; x_wconf 87' lang='lat' dir='ltr'><strong>taicum</strong></span> <span class='ocrx_word' id='word_1_368' title='bbox 718 4079 894 4128; x_wconf 78' lang='lat' dir='ltr'><strong>admiratione</strong></span> <span class='ocrx_word' id='word_1_369' title='bbox 913 4079 1036 4158; x_wconf 36' lang='lat' dir='ltr'><strong>quadam!</strong></span> <span class='ocrx_word' id='word_1_370' title='bbox 1053 4092 1102 4128; x_wconf 87' lang='lat' dir='ltr'><strong>nec</strong></span> <span class='ocrx_word' id='word_1_371' title='bbox 1121 4078 1251 4128; x_wconf 85' lang='lat' dir='ltr'><strong>desistunt</strong></span> <span class='ocrx_word' id='word_1_372' title='bbox 1341 4089 1348 4094; x_wconf 80' lang='grc'><strong><em>’</em></strong></span> 
     </span>
     <span class='ocr_line' id='line_1_40' title="bbox 153 4147 1250 4218; baseline 0.002 -23"><span class='ocrx_word' id='word_1_373' title='bbox 153 4161 268 4214; x_wconf 83' lang='lat' dir='ltr'><strong>unquam</strong></span> <span class='ocrx_word' id='word_1_374' title='bbox 295 4148 323 4198; x_wconf 88' lang='lat' dir='ltr'><strong>in</strong></span> <span class='ocrx_word' id='word_1_375' title='bbox 348 4163 395 4200; x_wconf 92' lang='lat' dir='ltr'><strong>ore</strong></span> <span class='ocrx_word' id='word_1_376' title='bbox 419 4150 519 4200; x_wconf 89' lang='lat' dir='ltr'><strong>habere</strong></span> <span class='ocrx_word' id='word_1_377' title='bbox 543 4151 653 4218; x_wconf 79' lang='lat' dir='ltr'><strong>negotia</strong></span> <span class='ocrx_word' id='word_1_378' title='bbox 679 4158 725 4200; x_wconf 83' lang='lat' dir='ltr'><strong>tua</strong></span> <span class='ocrx_word' id='word_1_379' title='bbox 752 4149 861 4216; x_wconf 87' lang='lat' dir='ltr'><strong>publice</strong></span> <span class='ocrx_word' id='word_1_380' title='bbox 887 4156 914 4199; x_wconf 83' lang='lat' dir='ltr'><strong>et</strong></span> <span class='ocrx_word' id='word_1_381' title='bbox 941 4149 1064 4215; x_wconf 89' lang='lat' dir='ltr'><strong>privatim</strong></span> <span class='ocrx_word' id='word_1_382' title='bbox 1091 4155 1118 4198; x_wconf 86' lang='lat' dir='ltr'><strong>et</strong></span> <span class='ocrx_word' id='word_1_383' title='bbox 1142 4147 1250 4198; x_wconf 85' lang='lat' dir='ltr'><strong>muitum</strong></span> 
     </span>
     <span class='ocr_line' id='line_1_41' title="bbox 152 4218 1250 4289; baseline -0.001 -21"><span class='ocrx_word' id='word_1_384' title='bbox 152 4219 240 4268; x_wconf 86' lang='lat' dir='ltr'><strong>animo</strong></span> <span class='ocrx_word' id='word_1_385' title='bbox 259 4218 384 4284; x_wconf 86' lang='lat' dir='ltr'><strong>volvere,</strong></span> <span class='ocrx_word' id='word_1_386' title='bbox 404 4222 600 4289; x_wconf 74' lang='lat' dir='ltr'><strong>etppaescrtim</strong></span> <span class='ocrx_word' id='word_1_387' title='bbox 613 4223 666 4272; x_wconf 84' lang='lat' dir='ltr'><strong>hoc</strong></span> <span class='ocrx_word' id='word_1_388' title='bbox 685 4228 806 4287; x_wconf 87' lang='lat' dir='ltr'><strong>tempore</strong></span> <span class='ocrx_word' id='word_1_389' title='bbox 825 4235 878 4288; x_wconf 90' lang='lat' dir='ltr'><strong>quo</strong></span> <span class='ocrx_word' id='word_1_390' title='bbox 899 4221 1001 4272; x_wconf 86' lang='lat' dir='ltr'><strong>crebris</strong></span> <span class='ocrx_word' id='word_1_391' title='bbox 1021 4227 1048 4270; x_wconf 87' lang='lat' dir='ltr'><strong>ct</strong></span> <span class='ocrx_word' id='word_1_392' title='bbox 1066 4218 1250 4270; x_wconf 83' lang='lat' dir='ltr'><strong>vehementis</strong></span> 
     </span>
    </p>
   </div>
   <div class='ocr_carea' id='block_1_4' title="bbox 151 4287 1250 4364">
    <p class='ocr_par' dir='ltr' id='par_1_8' title="bbox 151 4287 1250 4364">
     <span class='ocr_line' id='line_1_42' title="bbox 151 4287 1250 4364; baseline -0.005 -22"><span class='ocrx_word' id='word_1_393' title='bbox 151 4289 225 4348; x_wconf 79' lang='lat' dir='ltr'><strong>timis</strong></span> <span class='ocrx_word' id='word_1_394' title='bbox 243 4303 334 4346; x_wconf 82' lang='lat' dir='ltr'><strong>retum</strong></span> <span class='ocrx_word' id='word_1_395' title='bbox 352 4290 477 4345; x_wconf 82' lang='lat' dir='ltr'><strong>ductibus</strong></span> <span class='ocrx_word' id='word_1_396' title='bbox 495 4300 523 4346; x_wconf 85' lang='lat' dir='ltr'><strong>et</strong></span> <span class='ocrx_word' id='word_1_397' title='bbox 549 4293 673 4345; x_wconf 75' lang='lat' dir='ltr'><strong>fortunae</strong></span> <span class='ocrx_word' id='word_1_398' title='bbox 691 4293 791 4364; x_wconf 89' lang='lat' dir='ltr'><strong>impetu</strong></span> <span class='ocrx_word' id='word_1_399' title='bbox 804 4291 1065 4346; x_wconf 77' lang='lat' dir='ltr'><strong>circumfunduntur</strong></span> <span class='ocrx_word' id='word_1_400' title='bbox 1104 4289 1155 4343; x_wconf 86' lang='lat' dir='ltr'><strong>huc</strong></span> <span class='ocrx_word' id='word_1_401' title='bbox 1174 4287 1250 4340; x_wconf 85' lang='lat' dir='ltr'><strong>simi-</strong></span> 
     </span>
    </p>
   </div>
   <div class='ocr_carea' id='block_1_5' title="bbox 0 0 1596 5100">
    <p class='ocr_par' dir='ltr' id='par_1_9' title="bbox 0 0 1596 5100">
     <span class='ocr_line' id='line_1_43' title="bbox 0 0 1596 5100; baseline 0 5"><span class='ocrx_word' id='word_1_402' title='bbox 0 0 1596 5100; x_wconf 95' lang='lat' dir='ltr'><strong> </strong></span> 
     </span>
    </p>
   </div>
  </div>
 </body>
</html>
