<?xml version="1.0" encoding="UTF-8"?>
<!DOCTYPE html PUBLIC "-//W3C//DTD XHTML 1.0 Transitional//EN"
    "http://www.w3.org/TR/xhtml1/DTD/xhtml1-transitional.dtd">
<html xmlns="http://www.w3.org/1999/xhtml" xml:lang="en" lang="en">
 <head>
  <title>
</title>
<meta http-equiv="Content-Type" content="text/html;charset=utf-8" />
  <meta name='ocr-system' content='tesseract 3.04.00' />
  <meta name='ocr-capabilities' content='ocr_page ocr_carea ocr_par ocr_line ocrx_word'/>
</head>
<body>
  <div class='ocr_page' id='page_1' title='image "./nicephorigregor04schogoog_0380.png"; bbox 0 0 3184 5100; ppageno 0'>
   <div class='ocr_carea' id='block_1_1' title="bbox 274 376 1256 501">
    <p class='ocr_par' dir='ltr' id='par_1_1' title="bbox 274 376 1256 501">
     <span class='ocr_line' id='line_1_1' title="bbox 274 376 1256 501; baseline 0.003 -36"><span class='ocrx_word' id='word_1_1' title='bbox 274 376 776 501; x_wconf 76' lang='lat' dir='ltr'><strong>bisnosslsnuztnsmln</strong></span> <span class='ocrx_word' id='word_1_2' title='bbox 791 404 903 470; x_wconf 81' lang='lat' dir='ltr'><strong>ms.</strong></span> <span class='ocrx_word' id='word_1_3' title='bbox 924 388 1112 470; x_wconf 71' lang='lat' dir='ltr'><strong>{to-33.</strong></span> <span class='ocrx_word' id='word_1_4' title='bbox 1181 392 1256 469; x_wconf 78' lang='lat' dir='ltr'><strong>eoo</strong></span> 
     </span>
    </p>
   </div>
   <div class='ocr_carea' id='block_1_2' title="bbox 86 549 1390 2884">
    <p class='ocr_par' dir='ltr' id='par_1_2' title="bbox 130 549 1322 1058">
     <span class='ocr_line' id='line_1_2' title="bbox 154 549 1322 651; baseline 0.006 -25"><span class='ocrx_word' id='word_1_5' title='bbox 154 566 228 627; x_wconf 75' lang='grc' dir='ltr'><strong>καθ’</strong></span> <span class='ocrx_word' id='word_1_6' title='bbox 250 555 325 629; x_wconf 77' lang='grc' dir='ltr'><strong><em>ὅσον</em></strong></span> <span class='ocrx_word' id='word_1_7' title='bbox 345 563 405 651; x_wconf 71' lang='grc' dir='ltr'><strong>γάρ</strong></span> <span class='ocrx_word' id='word_1_8' title='bbox 429 563 464 630; x_wconf 84' lang='grc' dir='ltr'><strong>τὸ</strong></span> <span class='ocrx_word' id='word_1_9' title='bbox 485 562 519 631; x_wconf 74' lang='lat' dir='ltr'><strong>iv</strong></span> <span class='ocrx_word' id='word_1_10' title='bbox 543 568 728 649; x_wconf 82' lang='grc' dir='ltr'><strong><em>άπάλλυοιν,</em></strong></span> <span class='ocrx_word' id='word_1_11' title='bbox 761 565 915 632; x_wconf 82' lang='grc' dir='ltr'><strong><em>άλλάσοοι</em></strong></span> <span class='ocrx_word' id='word_1_12' title='bbox 937 549 993 634; x_wconf 79' lang='grc' dir='ltr'><strong>καί</strong></span> <span class='ocrx_word' id='word_1_13' title='bbox 1011 564 1045 630; x_wconf 79' lang='grc' dir='ltr'><strong>τὸ</strong></span> <span class='ocrx_word' id='word_1_14' title='bbox 1068 558 1152 630; x_wconf 80' lang='grc' dir='ltr'><strong><em>εἶναι</em></strong></span> <span class='ocrx_word' id='word_1_15' title='bbox 1174 580 1322 649; x_wconf 67' lang='grc' dir='ltr'><strong><em>τμη-η</em></strong></span> 
     </span>
     <span class='ocr_line' id='line_1_3' title="bbox 151 659 1257 775; baseline 0.003 -48"><span class='ocrx_word' id='word_1_16' title='bbox 151 662 272 775; x_wconf 63' lang='lat' dir='ltr'><strong>⁸iis&#39;vsop,</strong></span> <span class='ocrx_word' id='word_1_17' title='bbox 306 663 358 729; x_wconf 75' lang='grc' dir='ltr'><strong>διά</strong></span> <span class='ocrx_word' id='word_1_18' title='bbox 389 665 425 730; x_wconf 84' lang='grc' dir='ltr'><strong>τὸ</strong></span> <span class='ocrx_word' id='word_1_19' title='bbox 449 659 531 733; x_wconf 79' lang='grc' dir='ltr'><strong><em>εἶναι</em></strong></span> <span class='ocrx_word' id='word_1_20' title='bbox 563 664 598 732; x_wconf 80' lang='grc' dir='ltr'><strong>τά</strong></span> <span class='ocrx_word' id='word_1_21' title='bbox 621 670 654 732; x_wconf 76' lang='grc' dir='ltr'><strong>ἓν</strong></span> <span class='ocrx_word' id='word_1_22' title='bbox 687 662 834 733; x_wconf 75' lang='grc' dir='ltr'><strong><em>ἁπάντων</em></strong></span> <span class='ocrx_word' id='word_1_23' title='bbox 866 666 1033 751; x_wconf 75' lang='grc' dir='ltr'><strong><em>στοιχείων</em></strong></span> <span class='ocrx_word' id='word_1_24' title='bbox 1053 663 1201 732; x_wconf 78' lang='grc' dir='ltr'><strong><em>ἑνωτικὸν</em></strong></span> <span class='ocrx_word' id='word_1_25' title='bbox 1221 689 1257 731; x_wconf 82' lang='grc' dir='ltr'><strong>τε</strong></span> 
     </span>
     <span class='ocr_line' id='line_1_4' title="bbox 154 764 1257 855; baseline 0.004 -26"><span class='ocrx_word' id='word_1_26' title='bbox 154 768 210 831; x_wconf 82' lang='grc' dir='ltr'><strong>καί</strong></span> <span class='ocrx_word' id='word_1_27' title='bbox 239 767 471 853; x_wconf 72' lang='grc' dir='ltr'><strong><em>συλληπτικόν,</em></strong></span> <span class='ocrx_word' id='word_1_28' title='bbox 506 765 609 833; x_wconf 82' lang='grc' dir='ltr'><strong><em>ὃπάσα</em></strong></span> <span class='ocrx_word' id='word_1_29' title='bbox 638 770 758 853; x_wconf 74' lang='grc' dir='ltr'><strong><em>γένεσίς</em></strong></span> <span class='ocrx_word' id='word_1_30' title='bbox 789 794 824 835; x_wconf 83' lang='grc' dir='ltr'><strong>τε</strong></span> <span class='ocrx_word' id='word_1_31' title='bbox 854 770 963 854; x_wconf 76' lang='grc' dir='ltr'><strong><em>βόσκει</em></strong></span> <span class='ocrx_word' id='word_1_32' title='bbox 993 772 1049 834; x_wconf 83' lang='grc' dir='ltr'><strong>καί</strong></span> <span class='ocrx_word' id='word_1_33' title='bbox 1071 764 1193 855; x_wconf 82' lang='grc' dir='ltr'><strong><em>φθορά.</em></strong></span> <span class='ocrx_word' id='word_1_34' title='bbox 1237 766 1257 850; x_wconf 82' lang='grc' dir='ltr'><em>ἦ</em></span> 
     </span>
     <span class='ocr_line' id='line_1_5' title="bbox 154 860 1258 955; baseline 0 -24"><span class='ocrx_word' id='word_1_35' title='bbox 154 864 212 949; x_wconf 75' lang='grc' dir='ltr'><strong>γάρ</strong></span> <span class='ocrx_word' id='word_1_36' title='bbox 236 860 381 952; x_wconf 68' lang='grc' dir='ltr'><strong><em>ἑτερότης</em></strong></span> <span class='ocrx_word' id='word_1_37' title='bbox 412 866 574 955; x_wconf 71' lang='grc' dir='ltr'><strong><em>διαφοράν</em></strong></span> <span class='ocrx_word' id='word_1_38' title='bbox 604 875 662 935; x_wconf 83' lang='grc' dir='ltr'><strong>τοῦ</strong></span> <span class='ocrx_word' id='word_1_39' title='bbox 693 862 781 946; x_wconf 77' lang='grc' dir='ltr'><strong><em>ὄντος</em></strong></span> <span class='ocrx_word' id='word_1_40' title='bbox 802 873 997 954; x_wconf 70' lang='grc' dir='ltr'><strong><em>εἰσάγουσα,</em></strong></span> <span class='ocrx_word' id='word_1_41' title='bbox 1029 870 1110 955; x_wconf 80' lang='grc' dir='ltr'><strong><em>πρὸς</em></strong></span> <span class='ocrx_word' id='word_1_42' title='bbox 1134 867 1258 934; x_wconf 76' lang='grc' dir='ltr'><strong><em>ἔννοιαν</em></strong></span> 
     </span>
     <span class='ocr_line' id='line_1_6' title="bbox 130 960 1258 1058; baseline -0.001 -25"><span class='ocrx_word' id='word_1_43' title='bbox 130 970 214 1033; x_wconf 83' lang='grc' dir='ltr'><strong>5τοῦ</strong></span> <span class='ocrx_word' id='word_1_44' title='bbox 234 967 277 1052; x_wconf 65' lang='grc' dir='ltr'><strong>ριν,</strong></span> <span class='ocrx_word' id='word_1_45' title='bbox 301 960 388 1043; x_wconf 77' lang='grc' dir='ltr'><strong><em>ὄντος</em></strong></span> <span class='ocrx_word' id='word_1_46' title='bbox 411 969 530 1058; x_wconf 77' lang='grc' dir='ltr'><strong><em>ῥᾳδίως</em></strong></span> <span class='ocrx_word' id='word_1_47' title='bbox 561 968 727 1056; x_wconf 76' lang='grc' dir='ltr'><strong><em>ἐξίστησιν.</em></strong></span> <span class='ocrx_word' id='word_1_48' title='bbox 779 974 819 1037; x_wconf 80' lang='grc' dir='ltr'><strong>ου’</strong></span> <span class='ocrx_word' id='word_1_49' title='bbox 838 970 903 1056; x_wconf 71' lang='grc' dir='ltr'><strong>μάν</strong></span> <span class='ocrx_word' id='word_1_50' title='bbox 925 970 960 1037; x_wconf 82' lang='grc' dir='ltr'><strong>τὰ</strong></span> <span class='ocrx_word' id='word_1_51' title='bbox 985 978 1074 1037; x_wconf 75' lang='grc' dir='ltr'><strong><em>θεῖον</em></strong></span> <span class='ocrx_word' id='word_1_52' title='bbox 1102 972 1135 1034; x_wconf 75' lang='grc' dir='ltr'><strong>ἓν</strong></span> <span class='ocrx_word' id='word_1_53' title='bbox 1157 971 1258 1034; x_wconf 79' lang='grc' dir='ltr'><strong><em>ἐκεῖνο</em></strong></span> 
     </span>
    </p>

    <p class='ocr_par' dir='ltr' id='par_1_3' title="bbox 86 1066 1259 1463">
     <span class='ocr_line' id='line_1_7' title="bbox 86 1066 1259 1157; baseline -0.003 -22"><span class='ocrx_word' id='word_1_54' title='bbox 86 1084 88 1089; x_wconf 87' lang='grc'><strong>’</strong></span> <span class='ocrx_word' id='word_1_55' title='bbox 154 1072 315 1137; x_wconf 78' lang='grc' dir='ltr'><strong><em>τοιοῦτον·</em></strong></span> <span class='ocrx_word' id='word_1_56' title='bbox 355 1070 517 1157; x_wconf 78' lang='grc' dir='ltr'><strong><em>ποιητικὸν</em></strong></span> <span class='ocrx_word' id='word_1_57' title='bbox 541 1072 600 1156; x_wconf 76' lang='grc' dir='ltr'><strong>γὰρ</strong></span> <span class='ocrx_word' id='word_1_58' title='bbox 639 1072 760 1139; x_wconf 80' lang='grc' dir='ltr'><strong><em>τούτων</em></strong></span> <span class='ocrx_word' id='word_1_59' title='bbox 789 1076 955 1141; x_wconf 71' lang='grc' dir='ltr'><strong><em>συνθέτων</em></strong></span> <span class='ocrx_word' id='word_1_60' title='bbox 984 1066 1100 1153; x_wconf 73' lang='grc' dir='ltr'><strong><em>άντων,</em></strong></span> <span class='ocrx_word' id='word_1_61' title='bbox 1134 1071 1259 1135; x_wconf 79' lang='grc' dir='ltr'><strong><em>άπλοῦν</em></strong></span> 
     </span>
     <span class='ocr_line' id='line_1_8' title="bbox 155 1164 1258 1260; baseline -0.003 -25"><span class='ocrx_word' id='word_1_62' title='bbox 155 1171 353 1237; x_wconf 86' lang='grc' dir='ltr'><strong><em>παντάπασιν</em></strong></span> <span class='ocrx_word' id='word_1_63' title='bbox 378 1164 412 1236; x_wconf 71' lang='lat' dir='ltr'><strong>&#39;dv</strong></span> <span class='ocrx_word' id='word_1_64' title='bbox 437 1176 536 1237; x_wconf 80' lang='grc' dir='ltr'><strong><em>ἐκεῖνο</em></strong></span> <span class='ocrx_word' id='word_1_65' title='bbox 558 1179 612 1239; x_wconf 86' lang='grc' dir='ltr'><strong>καί</strong></span> <span class='ocrx_word' id='word_1_66' title='bbox 642 1172 870 1260; x_wconf 76' lang='grc' dir='ltr'><strong><em>άπερκόσμιον.</em></strong></span> <span class='ocrx_word' id='word_1_67' title='bbox 925 1176 1001 1240; x_wconf 74' lang='lat' dir='ltr'><strong>oili</strong></span> <span class='ocrx_word' id='word_1_68' title='bbox 1019 1177 1112 1239; x_wconf 77' lang='grc' dir='ltr'><strong><em>θέσιν</em></strong></span> <span class='ocrx_word' id='word_1_69' title='bbox 1132 1170 1258 1237; x_wconf 75' lang='grc' dir='ltr'><strong><em>τοιάνδε</em></strong></span> 
     </span>
     <span class='ocr_line' id='line_1_9' title="bbox 156 1264 1258 1359; baseline -0.002 -24"><span class='ocrx_word' id='word_1_70' title='bbox 156 1276 256 1357; x_wconf 77' lang='grc' dir='ltr'><strong><em>δηλοῖ,</em></strong></span> <span class='ocrx_word' id='word_1_71' title='bbox 281 1271 351 1337; x_wconf 74' lang='grc' dir='ltr'><strong><em>ἀλλ’</em></strong></span> <span class='ocrx_word' id='word_1_72' title='bbox 372 1264 467 1357; x_wconf 80' lang='grc' dir='ltr'><strong><em>ἇρστν</em></strong></span> <span class='ocrx_word' id='word_1_73' title='bbox 496 1276 531 1338; x_wconf 73' lang='grc' dir='ltr'><strong>ἐκ</strong></span> <span class='ocrx_word' id='word_1_74' title='bbox 552 1278 615 1340; x_wconf 79' lang='grc' dir='ltr'><strong>τῶν</strong></span> <span class='ocrx_word' id='word_1_75' title='bbox 642 1278 785 1359; x_wconf 75' lang='grc' dir='ltr'><strong><em>πολλῶν,</em></strong></span> <span class='ocrx_word' id='word_1_76' title='bbox 810 1268 872 1341; x_wconf 75' lang='grc' dir='ltr'><strong>ὅσα</strong></span> <span class='ocrx_word' id='word_1_77' title='bbox 893 1298 928 1342; x_wconf 75' lang='grc' dir='ltr'><strong>τε</strong></span> <span class='ocrx_word' id='word_1_78' title='bbox 957 1273 1100 1359; x_wconf 76' lang='grc' dir='ltr'><strong><em>αἰσθητά</em></strong></span> <span class='ocrx_word' id='word_1_79' title='bbox 1123 1273 1176 1337; x_wconf 85' lang='grc' dir='ltr'><strong>καί</strong></span> <span class='ocrx_word' id='word_1_80' title='bbox 1196 1264 1258 1335; x_wconf 75' lang='grc' dir='ltr'><strong>ὅσα</strong></span> 
     </span>
     <span class='ocr_line' id='line_1_10' title="bbox 155 1370 1258 1463; baseline -0.001 -25"><span class='ocrx_word' id='word_1_81' title='bbox 155 1374 260 1457; x_wconf 81' lang='grc' dir='ltr'><strong><em>νοητά.</em></strong></span> <span class='ocrx_word' id='word_1_82' title='bbox 304 1373 335 1437; x_wconf 80' lang='grc' dir='ltr'><strong>εἰ</strong></span> <span class='ocrx_word' id='word_1_83' title='bbox 351 1371 412 1457; x_wconf 77' lang='grc' dir='ltr'><strong>γάρ</strong></span> <span class='ocrx_word' id='word_1_84' title='bbox 434 1373 468 1440; x_wconf 80' lang='grc' dir='ltr'><strong>τά</strong></span> <span class='ocrx_word' id='word_1_85' title='bbox 492 1380 609 1459; x_wconf 80' lang='grc' dir='ltr'><strong><em>κυρίως</em></strong></span> <span class='ocrx_word' id='word_1_86' title='bbox 632 1372 667 1442; x_wconf 67' lang='lat' dir='ltr'><strong>aiv</strong></span> <span class='ocrx_word' id='word_1_87' title='bbox 690 1380 732 1463; x_wconf 76' lang='grc' dir='ltr'><strong>ἓν,</strong></span> <span class='ocrx_word' id='word_1_88' title='bbox 756 1376 847 1443; x_wconf 75' lang='grc' dir='ltr'><strong><em>ἔσται</em></strong></span> <span class='ocrx_word' id='word_1_89' title='bbox 869 1370 934 1460; x_wconf 86' lang='grc' dir='ltr'><strong>άρα</strong></span> <span class='ocrx_word' id='word_1_90' title='bbox 950 1381 1005 1442; x_wconf 86' lang='grc' dir='ltr'><strong>καί</strong></span> <span class='ocrx_word' id='word_1_91' title='bbox 1026 1373 1062 1440; x_wconf 81' lang='grc' dir='ltr'><strong>τά</strong></span> <span class='ocrx_word' id='word_1_92' title='bbox 1084 1377 1119 1438; x_wconf 78' lang='grc' dir='ltr'><strong>ἓν</strong></span> <span class='ocrx_word' id='word_1_93' title='bbox 1139 1372 1258 1457; x_wconf 82' lang='grc' dir='ltr'><strong><em>κυρίως</em></strong></span> 
     </span>
    </p>

    <p class='ocr_par' dir='ltr' id='par_1_4' title="bbox 113 1467 1261 1972">
     <span class='ocr_line' id='line_1_11' title="bbox 113 1467 1260 1555; baseline 0 -18"><span class='ocrx_word' id='word_1_94' title='bbox 113 1484 146 1539; x_wconf 86' lang='grc'><strong>10</strong></span> <span class='ocrx_word' id='word_1_95' title='bbox 156 1467 192 1537; x_wconf 76' lang='lat' dir='ltr'><strong>iv</strong></span> <span class='ocrx_word' id='word_1_96' title='bbox 213 1476 268 1539; x_wconf 83' lang='grc' dir='ltr'><strong>καί</strong></span> <span class='ocrx_word' id='word_1_97' title='bbox 285 1478 343 1538; x_wconf 79' lang='grc' dir='ltr'><strong>νοῦ</strong></span> <span class='ocrx_word' id='word_1_98' title='bbox 360 1474 474 1553; x_wconf 78' lang='grc' dir='ltr'><strong><em>παντὸς</em></strong></span> <span class='ocrx_word' id='word_1_99' title='bbox 489 1478 645 1544; x_wconf 77' lang='grc' dir='ltr'><strong><em>ἐπέκεινα.</em></strong></span> <span class='ocrx_word' id='word_1_100' title='bbox 678 1483 735 1545; x_wconf 77' lang='grc' dir='ltr'><strong>τοῦ</strong></span> <span class='ocrx_word' id='word_1_101' title='bbox 758 1481 786 1544; x_wconf 77' lang='lat' dir='ltr'><strong>e’</strong></span> <span class='ocrx_word' id='word_1_102' title='bbox 806 1476 875 1555; x_wconf 78' lang='grc' dir='ltr'><strong>ἓνός</strong></span> <span class='ocrx_word' id='word_1_103' title='bbox 890 1482 1035 1543; x_wconf 78' lang='grc' dir='ltr'><strong><em>ἐπέκεινα</em></strong></span> <span class='ocrx_word' id='word_1_104' title='bbox 1055 1478 1118 1543; x_wconf 81' lang='grc' dir='ltr'><strong>τάν</strong></span> <span class='ocrx_word' id='word_1_105' title='bbox 1133 1473 1260 1539; x_wconf 86' lang='grc' dir='ltr'><strong><em>πάντων</em></strong></span> 
     </span>
     <span class='ocr_line' id='line_1_12' title="bbox 156 1568 1259 1661; baseline 0.004 -24"><span class='ocrx_word' id='word_1_106' title='bbox 156 1574 260 1638; x_wconf 77' lang='grc' dir='ltr'><strong><em>οὐδέν.</em></strong></span> <span class='ocrx_word' id='word_1_107' title='bbox 299 1568 568 1643; x_wconf 66' lang='lat' dir='ltr'><strong>immutemus</strong></span> <span class='ocrx_word' id='word_1_108' title='bbox 589 1580 605 1643; x_wconf 77' lang='grc' dir='ltr'>ὁ</span> <span class='ocrx_word' id='word_1_109' title='bbox 627 1582 703 1658; x_wconf 82' lang='grc' dir='ltr'><strong><em>νοάς</em></strong></span> <span class='ocrx_word' id='word_1_110' title='bbox 726 1585 786 1645; x_wconf 72' lang='grc' dir='ltr'><strong>τοῦ</strong></span> <span class='ocrx_word' id='word_1_111' title='bbox 808 1576 878 1655; x_wconf 76' lang='grc' dir='ltr'><strong><em>ἓνάς</em></strong></span> <span class='ocrx_word' id='word_1_112' title='bbox 901 1583 1022 1644; x_wconf 73' lang='grc' dir='ltr'><strong><em>ἐκείνου</em></strong></span> <span class='ocrx_word' id='word_1_113' title='bbox 1044 1580 1179 1661; x_wconf 74' lang='grc' dir='ltr'><strong><em>λέγεται.</em></strong></span> <span class='ocrx_word' id='word_1_114' title='bbox 1211 1570 1259 1641; x_wconf 75' lang='grc' dir='ltr'><strong>εί·</strong></span> 
     </span>
     <span class='ocr_line' id='line_1_13' title="bbox 155 1674 1260 1767; baseline -0.002 -24"><span class='ocrx_word' id='word_1_115' title='bbox 155 1704 209 1743; x_wconf 87' lang='grc' dir='ltr'><strong>ναι</strong></span> <span class='ocrx_word' id='word_1_116' title='bbox 230 1674 290 1761; x_wconf 78' lang='grc' dir='ltr'><strong>γάρ</strong></span> <span class='ocrx_word' id='word_1_117' title='bbox 318 1681 374 1743; x_wconf 85' lang='grc' dir='ltr'><strong>καί</strong></span> <span class='ocrx_word' id='word_1_118' title='bbox 397 1676 453 1747; x_wconf 79' lang='grc' dir='ltr'><strong><em>τὸν</em></strong></span> <span class='ocrx_word' id='word_1_119' title='bbox 474 1684 548 1744; x_wconf 78' lang='grc' dir='ltr'><strong><em>νοῦν</em></strong></span> <span class='ocrx_word' id='word_1_120' title='bbox 580 1684 649 1767; x_wconf 75' lang='grc' dir='ltr'><strong>φάς</strong></span> <span class='ocrx_word' id='word_1_121' title='bbox 683 1676 805 1747; x_wconf 83' lang='grc' dir='ltr'><strong><em>άυπνον</em></strong></span> <span class='ocrx_word' id='word_1_122' title='bbox 828 1684 884 1746; x_wconf 86' lang='grc' dir='ltr'><strong>καί</strong></span> <span class='ocrx_word' id='word_1_123' title='bbox 904 1679 988 1764; x_wconf 71' lang='grc' dir='ltr'><strong><em>ζωὴν</em></strong></span> <span class='ocrx_word' id='word_1_124' title='bbox 1022 1682 1183 1761; x_wconf 75' lang='grc' dir='ltr'><strong><em>μένουσαν</em></strong></span> <span class='ocrx_word' id='word_1_125' title='bbox 1203 1674 1260 1741; x_wconf 86' lang='grc' dir='ltr'><strong>καί</strong></span> 
     </span>
     <span class='ocr_line' id='line_1_14' title="bbox 155 1768 1259 1865; baseline -0.003 -21"><span class='ocrx_word' id='word_1_126' title='bbox 155 1768 265 1863; x_wconf 82' lang='grc' dir='ltr'><strong><em>νάησιυ</em></strong></span> <span class='ocrx_word' id='word_1_127' title='bbox 286 1779 342 1843; x_wconf 75' lang='grc' dir='ltr'><strong>οὐκ</strong></span> <span class='ocrx_word' id='word_1_128' title='bbox 373 1777 560 1863; x_wconf 71' lang='grc' dir='ltr'><strong><em>ἐνεργοῦσαν</em></strong></span> <span class='ocrx_word' id='word_1_129' title='bbox 592 1784 638 1859; x_wconf 78' lang='grc' dir='ltr'><strong>εἰς</strong></span> <span class='ocrx_word' id='word_1_130' title='bbox 657 1780 692 1849; x_wconf 85' lang='grc' dir='ltr'><strong>τά</strong></span> <span class='ocrx_word' id='word_1_131' title='bbox 722 1789 846 1865; x_wconf 80' lang='grc' dir='ltr'><strong><em>μέλλον,</em></strong></span> <span class='ocrx_word' id='word_1_132' title='bbox 880 1783 949 1847; x_wconf 75' lang='grc' dir='ltr'><strong><em>ἀλλ’</em></strong></span> <span class='ocrx_word' id='word_1_133' title='bbox 976 1783 1021 1857; x_wconf 81' lang='grc' dir='ltr'><strong>εἷς</strong></span> <span class='ocrx_word' id='word_1_134' title='bbox 1052 1776 1089 1845; x_wconf 87' lang='grc' dir='ltr'><strong>τά</strong></span> <span class='ocrx_word' id='word_1_135' title='bbox 1118 1774 1259 1864; x_wconf 88' lang='grc' dir='ltr'><strong><em>παρόντα</em></strong></span> 
     </span>
     <span class='ocr_line' id='line_1_15' title="bbox 156 1876 1261 1972; baseline -0.003 -28"><span class='ocrx_word' id='word_1_136' title='bbox 156 1880 211 1945; x_wconf 74' lang='lat' dir='ltr'><strong>aiei</strong></span> <span class='ocrx_word' id='word_1_137' title='bbox 250 1883 305 1945; x_wconf 85' lang='grc' dir='ltr'><strong>καί</strong></span> <span class='ocrx_word' id='word_1_138' title='bbox 337 1880 492 1959; x_wconf 81' lang='grc' dir='ltr'><strong><em>άσαάτως</em></strong></span> <span class='ocrx_word' id='word_1_139' title='bbox 523 1884 657 1967; x_wconf 83' lang='grc' dir='ltr'><strong><em>ἔχοντα,</em></strong></span> <span class='ocrx_word' id='word_1_140' title='bbox 686 1880 847 1972; x_wconf 83' lang='grc' dir='ltr'><strong><em>ου’μφωνά</em></strong></span> <span class='ocrx_word' id='word_1_141' title='bbox 874 1908 909 1948; x_wconf 78' lang='grc' dir='ltr'><strong>τε</strong></span> <span class='ocrx_word' id='word_1_142' title='bbox 939 1876 1014 1947; x_wconf 74' lang='grc' dir='ltr'><strong><em>ὄντα</em></strong></span> <span class='ocrx_word' id='word_1_143' title='bbox 1048 1876 1173 1951; x_wconf 66' lang='grc' dir='ltr'><strong><em>ἑαυτοῖς</em></strong></span> <span class='ocrx_word' id='word_1_144' title='bbox 1207 1877 1261 1941; x_wconf 88' lang='grc' dir='ltr'><strong>καί</strong></span> 
     </span>
    </p>

    <p class='ocr_par' dir='ltr' id='par_1_5' title="bbox 113 1976 1326 2277">
     <span class='ocr_line' id='line_1_16' title="bbox 113 1976 1326 2069; baseline -0.006 -19"><span class='ocrx_word' id='word_1_145' title='bbox 113 1984 292 2069; x_wconf 44' lang='lat' dir='ltr'><strong>mociani</strong></span> <span class='ocrx_word' id='word_1_146' title='bbox 324 1986 400 2047; x_wconf 79' lang='grc' dir='ltr'><strong><em>ποτὲ</em></strong></span> <span class='ocrx_word' id='word_1_147' title='bbox 429 1984 610 2068; x_wconf 86' lang='grc' dir='ltr'><strong><em>μαχόμενα.</em></strong></span> <span class='ocrx_word' id='word_1_148' title='bbox 669 1985 749 2068; x_wconf 81' lang='grc' dir='ltr'><strong><em>πρὸς</em></strong></span> <span class='ocrx_word' id='word_1_149' title='bbox 783 1983 823 2069; x_wconf 72' lang='grc' dir='ltr'><strong>δὴ</strong></span> <span class='ocrx_word' id='word_1_150' title='bbox 862 1984 899 2049; x_wconf 81' lang='grc' dir='ltr'><strong>τά</strong></span> <span class='ocrx_word' id='word_1_151' title='bbox 939 1985 1085 2048; x_wconf 76' lang='grc' dir='ltr'><strong><em>τοιοῦτον</em></strong></span> <span class='ocrx_word' id='word_1_152' title='bbox 1117 1978 1175 2058; x_wconf 71' lang='grc' dir='ltr'><strong>ἓν,</strong></span> <span class='ocrx_word' id='word_1_153' title='bbox 1203 1976 1326 2060; x_wconf 68' lang='lat' dir='ltr'><strong>saie„</strong></span> 
     </span>
     <span class='ocr_line' id='line_1_17' title="bbox 154 2077 1259 2168; baseline 0.001 -23"><span class='ocrx_word' id='word_1_154' title='bbox 154 2082 231 2147; x_wconf 77' lang='grc' dir='ltr'><strong><em>θεὸν</em></strong></span> <span class='ocrx_word' id='word_1_155' title='bbox 259 2084 402 2168; x_wconf 72' lang='grc' dir='ltr'><strong><em>δηλαδή,</em></strong></span> <span class='ocrx_word' id='word_1_156' title='bbox 440 2085 529 2150; x_wconf 86' lang='grc' dir='ltr'><strong><em>πάντ’</em></strong></span> <span class='ocrx_word' id='word_1_157' title='bbox 559 2090 662 2151; x_wconf 65' lang='lat' dir='ltr'><strong>&amp;nerva</strong></span> <span class='ocrx_word' id='word_1_158' title='bbox 691 2084 727 2151; x_wconf 82' lang='grc' dir='ltr'><strong>τά</strong></span> <span class='ocrx_word' id='word_1_159' title='bbox 762 2087 864 2152; x_wconf 90' lang='grc' dir='ltr'><strong><em>πολλά</em></strong></span> <span class='ocrx_word' id='word_1_160' title='bbox 894 2089 957 2150; x_wconf 80' lang='grc' dir='ltr'><strong>τάν</strong></span> <span class='ocrx_word' id='word_1_161' title='bbox 987 2081 1151 2165; x_wconf 80' lang='grc' dir='ltr'><strong><em>ὀνομάτων</em></strong></span> <span class='ocrx_word' id='word_1_162' title='bbox 1180 2077 1259 2146; x_wconf 88' lang='grc' dir='ltr'><strong><em>κατά</em></strong></span> 
     </span>
     <span class='ocr_line' id='line_1_18' title="bbox 152 2172 1260 2277; baseline -0.002 -30"><span class='ocrx_word' id='word_1_163' title='bbox 152 2181 206 2247; x_wconf 81' lang='grc' dir='ltr'><strong>τὸν</strong></span> <span class='ocrx_word' id='word_1_164' title='bbox 234 2189 323 2249; x_wconf 80' lang='grc' dir='ltr'><strong><em>θεῖον</em></strong></span> <span class='ocrx_word' id='word_1_165' title='bbox 356 2190 506 2271; x_wconf 81' lang='grc' dir='ltr'><strong><em>φέρονται</em></strong></span> <span class='ocrx_word' id='word_1_166' title='bbox 542 2186 757 2277; x_wconf 71' lang='grc' dir='ltr'><strong><em>Ἀθαυάσιον,</em></strong></span> <span class='ocrx_word' id='word_1_167' title='bbox 789 2182 810 2250; x_wconf 83' lang='grc' dir='ltr'><strong><em>ά</em></strong></span> <span class='ocrx_word' id='word_1_168' title='bbox 837 2211 871 2253; x_wconf 83' lang='grc' dir='ltr'><strong>τε</strong></span> <span class='ocrx_word' id='word_1_169' title='bbox 906 2188 1063 2269; x_wconf 80' lang='grc' dir='ltr'><strong><em>’πρότερον</em></strong></span> <span class='ocrx_word' id='word_1_170' title='bbox 1092 2184 1125 2248; x_wconf 78' lang='grc' dir='ltr'><strong>ἒν</strong></span> <span class='ocrx_word' id='word_1_171' title='bbox 1152 2172 1260 2258; x_wconf 71' lang='grc' dir='ltr'><strong><em>ἄλλοις</em></strong></span> 
     </span>
    </p>

    <p class='ocr_par' dir='ltr' id='par_1_6' title="bbox 105 2278 1260 2375">
     <span class='ocr_line' id='line_1_19' title="bbox 105 2278 1260 2375; baseline -0.001 -25"><span class='ocrx_word' id='word_1_172' title='bbox 105 2291 110 2298; x_wconf 75' lang='grc'><strong>’</strong></span> <span class='ocrx_word' id='word_1_173' title='bbox 153 2286 263 2371; x_wconf 80' lang='grc' dir='ltr'><strong><em>εἴρηκε</em></strong></span> <span class='ocrx_word' id='word_1_174' title='bbox 283 2284 387 2369; x_wconf 77' lang='grc' dir='ltr'><strong><em>λόγοις</em></strong></span> <span class='ocrx_word' id='word_1_175' title='bbox 408 2286 464 2351; x_wconf 85' lang='grc' dir='ltr'><strong>καί</strong></span> <span class='ocrx_word' id='word_1_176' title='bbox 494 2278 601 2371; x_wconf 79' lang='grc' dir='ltr'><strong><em>άνάν,</em></strong></span> <span class='ocrx_word' id='word_1_177' title='bbox 624 2286 660 2353; x_wconf 82' lang='grc' dir='ltr'><strong>τά</strong></span> <span class='ocrx_word' id='word_1_178' title='bbox 693 2280 862 2375; x_wconf 69' lang='grc' dir='ltr'><strong><em>ἄφθαρτον</em></strong></span> <span class='ocrx_word' id='word_1_179' title='bbox 886 2284 1021 2372; x_wconf 70' lang='grc' dir='ltr'><strong><em>δηλαδή,</em></strong></span> <span class='ocrx_word' id='word_1_180' title='bbox 1043 2284 1078 2350; x_wconf 88' lang='grc' dir='ltr'><strong>τό</strong></span> <span class='ocrx_word' id='word_1_181' title='bbox 1098 2278 1260 2366; x_wconf 72' lang='grc' dir='ltr'><strong><em>ἄτρεπτον,</em></strong></span> 
     </span>
    </p>

    <p class='ocr_par' dir='ltr' id='par_1_7' title="bbox 110 2381 1259 2474">
     <span class='ocr_line' id='line_1_20' title="bbox 110 2381 1259 2474; baseline -0.006 -19"><span class='ocrx_word' id='word_1_182' title='bbox 110 2438 121 2455; x_wconf 85' lang='grc'><strong><em>.</em></strong></span> <span class='ocrx_word' id='word_1_183' title='bbox 151 2385 186 2451; x_wconf 82' lang='grc' dir='ltr'><strong>τά</strong></span> <span class='ocrx_word' id='word_1_184' title='bbox 204 2387 434 2473; x_wconf 79' lang='grc' dir='ltr'><strong><em>ἀκατάληπτον,</em></strong></span> <span class='ocrx_word' id='word_1_185' title='bbox 455 2388 488 2454; x_wconf 80' lang='grc' dir='ltr'><strong>τὸ</strong></span> <span class='ocrx_word' id='word_1_186' title='bbox 503 2392 651 2472; x_wconf 81' lang='grc' dir='ltr'><strong><em>δυνατόν,</em></strong></span> <span class='ocrx_word' id='word_1_187' title='bbox 667 2387 702 2455; x_wconf 67' lang='lat' dir='ltr'><strong>to*</strong></span> <span class='ocrx_word' id='word_1_188' title='bbox 719 2389 961 2474; x_wconf 81' lang='grc' dir='ltr'><strong><em>προγνωστικόν,</em></strong></span> <span class='ocrx_word' id='word_1_189' title='bbox 981 2391 1037 2452; x_wconf 74' lang='grc' dir='ltr'><strong><em>κατ’</em></strong></span> <span class='ocrx_word' id='word_1_190' title='bbox 1050 2381 1113 2452; x_wconf 75' lang='grc' dir='ltr'><strong>ὅσα</strong></span> <span class='ocrx_word' id='word_1_191' title='bbox 1135 2386 1219 2451; x_wconf 78' lang='grc' dir='ltr'><strong><em>ἐστίν</em></strong></span> <span class='ocrx_word' id='word_1_192' title='bbox 1242 2382 1259 2448; x_wconf 83' lang='grc' dir='ltr'><strong><em>ά</em></strong></span> 
     </span>
    </p>

    <p class='ocr_par' dir='ltr' id='par_1_8' title="bbox 110 2484 1390 2884">
     <span class='ocr_line' id='line_1_21' title="bbox 110 2484 1259 2578; baseline -0.004 -21"><span class='ocrx_word' id='word_1_193' title='bbox 110 2487 268 2571; x_wconf 74' lang='grc' dir='ltr'><strong><em>λθπατὴρ.</em></strong></span> <span class='ocrx_word' id='word_1_194' title='bbox 294 2484 392 2554; x_wconf 81' lang='grc' dir='ltr'><strong>άκαί</strong></span> <span class='ocrx_word' id='word_1_195' title='bbox 412 2488 480 2556; x_wconf 78' lang='grc' dir='ltr'><strong><em>ἴδια</em></strong></span> <span class='ocrx_word' id='word_1_196' title='bbox 503 2490 558 2556; x_wconf 84' lang='grc' dir='ltr'><strong>καί</strong></span> <span class='ocrx_word' id='word_1_197' title='bbox 585 2495 643 2558; x_wconf 84' lang='grc' dir='ltr'><strong>τοῦ</strong></span> <span class='ocrx_word' id='word_1_198' title='bbox 664 2489 738 2559; x_wconf 79' lang='grc' dir='ltr'><strong><em>υἱοῦ</em></strong></span> <span class='ocrx_word' id='word_1_199' title='bbox 769 2496 867 2578; x_wconf 80' lang='grc' dir='ltr'><strong><em>φησίν</em></strong></span> <span class='ocrx_word' id='word_1_200' title='bbox 885 2484 982 2572; x_wconf 83' lang='grc' dir='ltr'><strong><em>εἶναι,</em></strong></span> <span class='ocrx_word' id='word_1_201' title='bbox 1012 2485 1259 2576; x_wconf 62' lang='grc' dir='ltr'><strong><em>εἴτουνῖρυστκά</em></strong></span> 
     </span>
     <span class='ocr_line' id='line_1_22' title="bbox 152 2585 1390 2677; baseline 0.002 -26"><span class='ocrx_word' id='word_1_202' title='bbox 152 2592 210 2652; x_wconf 76' lang='grc' dir='ltr'><strong><em>κατ’</em></strong></span> <span class='ocrx_word' id='word_1_203' title='bbox 229 2589 380 2677; x_wconf 56' lang='lat' dir='ltr'><strong>bienniis,</strong></span> <span class='ocrx_word' id='word_1_204' title='bbox 400 2597 521 2672; x_wconf 84' lang='grc' dir='ltr'><strong><em>μάλλον</em></strong></span> <span class='ocrx_word' id='word_1_205' title='bbox 541 2595 570 2658; x_wconf 82' lang='grc' dir='ltr'><strong>δ’</strong></span> <span class='ocrx_word' id='word_1_206' title='bbox 593 2597 692 2658; x_wconf 80' lang='grc' dir='ltr'><strong><em>εἰπεῖν</em></strong></span> <span class='ocrx_word' id='word_1_207' title='bbox 712 2593 810 2660; x_wconf 77' lang='grc' dir='ltr'><strong><em>ου’τὸν</em></strong></span> <span class='ocrx_word' id='word_1_208' title='bbox 831 2588 914 2659; x_wconf 79' lang='grc' dir='ltr'><strong><em>εἶναι</em></strong></span> <span class='ocrx_word' id='word_1_209' title='bbox 928 2593 985 2658; x_wconf 83' lang='grc' dir='ltr'><strong>τὸν</strong></span> <span class='ocrx_word' id='word_1_210' title='bbox 1005 2589 1086 2657; x_wconf 78' lang='grc' dir='ltr'><strong><em>υἶάν.</em></strong></span> <span class='ocrx_word' id='word_1_211' title='bbox 1112 2585 1174 2656; x_wconf 76' lang='grc' dir='ltr'><strong>ὅσα</strong></span> <span class='ocrx_word' id='word_1_212' title='bbox 1195 2588 1257 2674; x_wconf 81' lang='grc' dir='ltr'><strong>γάρ</strong></span> <span class='ocrx_word' id='word_1_213' title='bbox 1269 2613 1289 2668; x_wconf 75' lang='grc' dir='ltr'><strong>ς,</strong></span> <span class='ocrx_word' id='word_1_214' title='bbox 1303 2612 1390 2668; x_wconf 69' lang='lat'>1⁸15„</span> 
     </span>
     <span class='ocr_line' id='line_1_23' title="bbox 153 2689 1258 2782; baseline 0.002 -30"><span class='ocrx_word' id='word_1_215' title='bbox 153 2698 321 2772; x_wconf 80' lang='grc' dir='ltr'><strong><em>προσεῖναι</em></strong></span> <span class='ocrx_word' id='word_1_216' title='bbox 337 2696 474 2776; x_wconf 42' lang='grc' dir='ltr'><strong><em>,λέγεται</em></strong></span> <span class='ocrx_word' id='word_1_217' title='bbox 503 2697 547 2782; x_wconf 75' lang='grc' dir='ltr'><strong>τῷ</strong></span> <span class='ocrx_word' id='word_1_218' title='bbox 567 2693 666 2777; x_wconf 86' lang='grc' dir='ltr'><strong><em>πατρί</em></strong></span> <span class='ocrx_word' id='word_1_219' title='bbox 688 2697 833 2782; x_wconf 76' lang='grc' dir='ltr'><strong><em>φυσικάς</em></strong></span> <span class='ocrx_word' id='word_1_220' title='bbox 855 2717 890 2761; x_wconf 82' lang='grc' dir='ltr'><strong>τε</strong></span> <span class='ocrx_word' id='word_1_221' title='bbox 919 2698 976 2758; x_wconf 86' lang='grc' dir='ltr'><strong>καί</strong></span> <span class='ocrx_word' id='word_1_222' title='bbox 989 2694 1155 2768; x_wconf 69' lang='grc' dir='ltr'><strong><em>ου’σιωάοῖς</em></strong></span> <span class='ocrx_word' id='word_1_223' title='bbox 1178 2689 1258 2755; x_wconf 87' lang='grc' dir='ltr'><strong><em>κατά</em></strong></span> 
     </span>
     <span class='ocr_line' id='line_1_24' title="bbox 152 2787 1259 2884; baseline -0.003 -22"><span class='ocrx_word' id='word_1_224' title='bbox 152 2790 209 2857; x_wconf 76' lang='grc' dir='ltr'><strong><em>τὸν</em></strong></span> <span class='ocrx_word' id='word_1_225' title='bbox 221 2795 311 2863; x_wconf 76' lang='grc' dir='ltr'><strong><em>θεῖον</em></strong></span> <span class='ocrx_word' id='word_1_226' title='bbox 321 2795 495 2881; x_wconf 66' lang='lat' dir='ltr'><strong>leopatius,</strong></span> <span class='ocrx_word' id='word_1_227' title='bbox 515 2791 626 2864; x_wconf 71' lang='grc' dir='ltr'><strong><em>ταῦτα’</em></strong></span> <span class='ocrx_word' id='word_1_228' title='bbox 640 2798 744 2864; x_wconf 83' lang='grc' dir='ltr'><strong><em>πάντα</em></strong></span> <span class='ocrx_word' id='word_1_229' title='bbox 758 2794 877 2884; x_wconf 66' lang='lat' dir='ltr'><strong>invisi</strong></span> <span class='ocrx_word' id='word_1_230' title='bbox 892 2794 970 2875; x_wconf 79' lang='grc' dir='ltr'><strong><em>υἱός.</em></strong></span> <span class='ocrx_word' id='word_1_231' title='bbox 984 2792 1027 2862; x_wconf 62' lang='lat' dir='ltr'><strong>ab</strong></span> <span class='ocrx_word' id='word_1_232' title='bbox 1041 2789 1107 2882; x_wconf 83' lang='grc' dir='ltr'><strong>άρα</strong></span> <span class='ocrx_word' id='word_1_233' title='bbox 1126 2787 1259 2882; x_wconf 71' lang='grc' dir='ltr'><strong><em>ἄφθαρ-</em></strong></span> 
     </span>
    </p>
   </div>
   <div class='ocr_carea' id='block_1_3' title="bbox 86 3122 1283 4408">
    <p class='ocr_par' dir='ltr' id='par_1_9' title="bbox 86 3122 1283 4408">
     <span class='ocr_line' id='line_1_25' title="bbox 154 3122 1260 3194; baseline 0.001 -19"><span class='ocrx_word' id='word_1_234' title='bbox 154 3125 234 3176; x_wconf 91' lang='lat' dir='ltr'><strong>tione</strong></span> <span class='ocrx_word' id='word_1_235' title='bbox 252 3122 352 3174; x_wconf 88' lang='lat' dir='ltr'><strong>minuta</strong></span> <span class='ocrx_word' id='word_1_236' title='bbox 381 3127 407 3173; x_wconf 87' lang='lat' dir='ltr'><strong>et</strong></span> <span class='ocrx_word' id='word_1_237' title='bbox 434 3125 577 3176; x_wconf 78' lang='lat' dir='ltr'><strong>essentiam</strong></span> <span class='ocrx_word' id='word_1_238' title='bbox 606 3139 683 3194; x_wconf 90' lang='lat' dir='ltr'><strong>quam</strong></span> <span class='ocrx_word' id='word_1_239' title='bbox 713 3123 847 3178; x_wconf 82' lang='lat' dir='ltr'><strong>habebant</strong></span> <span class='ocrx_word' id='word_1_240' title='bbox 870 3125 994 3177; x_wconf 85' lang='lat' dir='ltr'><strong>amittunt</strong></span> <span class='ocrx_word' id='word_1_241' title='bbox 1019 3139 1071 3176; x_wconf 89' lang='lat' dir='ltr'><strong>nec</strong></span> <span class='ocrx_word' id='word_1_242' title='bbox 1095 3123 1166 3194; x_wconf 85' lang='lat' dir='ltr'><strong>quod</strong></span> <span class='ocrx_word' id='word_1_243' title='bbox 1185 3128 1260 3176; x_wconf 82' lang='lat' dir='ltr'><strong>erant</strong></span> 
     </span>
     <span class='ocr_line' id='line_1_26' title="bbox 155 3195 1259 3264; baseline 0 -18"><span class='ocrx_word' id='word_1_244' title='bbox 155 3195 246 3246; x_wconf 88' lang='lat' dir='ltr'><strong>adbuc</strong></span> <span class='ocrx_word' id='word_1_245' title='bbox 272 3202 342 3245; x_wconf 87' lang='lat' dir='ltr'><strong>sunt.</strong></span> <span class='ocrx_word' id='word_1_246' title='bbox 386 3195 505 3246; x_wconf 47' lang='lat' dir='ltr'><strong>utscnim</strong></span> <span class='ocrx_word' id='word_1_247' title='bbox 531 3211 611 3248; x_wconf 90' lang='lat' dir='ltr'><strong>unum</strong></span> <span class='ocrx_word' id='word_1_248' title='bbox 634 3197 771 3261; x_wconf 87' lang='lat' dir='ltr'><strong>amittunt,</strong></span> <span class='ocrx_word' id='word_1_249' title='bbox 798 3198 835 3248; x_wconf 88' lang='lat' dir='ltr'><strong>ita</strong></span> <span class='ocrx_word' id='word_1_250' title='bbox 861 3197 1035 3264; x_wconf 70' lang='lat' dir='ltr'><strong>consequitur</strong></span> <span class='ocrx_word' id='word_1_251' title='bbox 1063 3211 1123 3247; x_wconf 89' lang='lat' dir='ltr'><strong>esse</strong></span> <span class='ocrx_word' id='word_1_252' title='bbox 1153 3197 1259 3262; x_wconf 85' lang='lat' dir='ltr'><strong>partita,</strong></span> 
     </span>
     <span class='ocr_line' id='line_1_27' title="bbox 155 3266 1259 3335; baseline -0.004 -17"><span class='ocrx_word' id='word_1_253' title='bbox 155 3273 269 3334; x_wconf 87' lang='lat' dir='ltr'><strong>propter</strong></span> <span class='ocrx_word' id='word_1_254' title='bbox 291 3279 351 3317; x_wconf 83' lang='lat' dir='ltr'><strong>esse</strong></span> <span class='ocrx_word' id='word_1_255' title='bbox 372 3281 472 3330; x_wconf 89' lang='lat' dir='ltr'><strong>unum,</strong></span> <span class='ocrx_word' id='word_1_256' title='bbox 493 3267 639 3320; x_wconf 83' lang='lat' dir='ltr'><strong>concilians</strong></span> <span class='ocrx_word' id='word_1_257' title='bbox 659 3275 686 3318; x_wconf 90' lang='lat' dir='ltr'><strong>et</strong></span> <span class='ocrx_word' id='word_1_258' title='bbox 709 3267 879 3335; x_wconf 89' lang='lat' dir='ltr'><strong>complectno</strong></span> <span class='ocrx_word' id='word_1_259' title='bbox 910 3269 996 3319; x_wconf 87' lang='lat' dir='ltr'><strong>omnia</strong></span> <span class='ocrx_word' id='word_1_260' title='bbox 1023 3266 1155 3318; x_wconf 90' lang='lat' dir='ltr'><strong>elementa</strong></span> <span class='ocrx_word' id='word_1_261' title='bbox 1175 3282 1259 3334; x_wconf 86' lang='lat' dir='ltr'><strong>qnae.</strong></span> 
     </span>
     <span class='ocr_line' id='line_1_28' title="bbox 156 3339 1261 3405; baseline -0.001 -16"><span class='ocrx_word' id='word_1_262' title='bbox 156 3353 265 3405; x_wconf 83' lang='lat' dir='ltr'><strong>cunque</strong></span> <span class='ocrx_word' id='word_1_263' title='bbox 283 3345 356 3389; x_wconf 83' lang='lat' dir='ltr'><strong>ortus</strong></span> <span class='ocrx_word' id='word_1_264' title='bbox 386 3345 413 3388; x_wconf 88' lang='lat' dir='ltr'><strong>et</strong></span> <span class='ocrx_word' id='word_1_265' title='bbox 443 3353 554 3390; x_wconf 79' lang='lat' dir='ltr'><strong>occasus</strong></span> <span class='ocrx_word' id='word_1_266' title='bbox 580 3339 640 3391; x_wconf 87' lang='lat' dir='ltr'><strong>lert.</strong></span> <span class='ocrx_word' id='word_1_267' title='bbox 689 3339 840 3392; x_wconf 79' lang='lat' dir='ltr'><strong>differentia</strong></span> <span class='ocrx_word' id='word_1_268' title='bbox 859 3340 928 3390; x_wconf 90' lang='lat' dir='ltr'><strong>enim</strong></span> <span class='ocrx_word' id='word_1_269' title='bbox 954 3340 1112 3390; x_wconf 81' lang='lat' dir='ltr'><strong>varietatem</strong></span> <span class='ocrx_word' id='word_1_270' title='bbox 1130 3343 1180 3392; x_wconf 79' lang='grc' dir='ltr'><strong>τοῦ</strong></span> <span class='ocrx_word' id='word_1_271' title='bbox 1200 3352 1261 3389; x_wconf 88' lang='lat' dir='ltr'><strong>esse</strong></span> 
     </span>
     <span class='ocr_line' id='line_1_29' title="bbox 156 3407 1261 3478; baseline 0 -18"><span class='ocrx_word' id='word_1_272' title='bbox 156 3409 321 3472; x_wconf 81' lang='lat' dir='ltr'><strong>involvens,</strong></span> <span class='ocrx_word' id='word_1_273' title='bbox 352 3411 384 3461; x_wconf 83' lang='lat' dir='ltr'><strong>ad</strong></span> <span class='ocrx_word' id='word_1_274' title='bbox 402 3409 453 3462; x_wconf 84' lang='grc' dir='ltr'><strong>τοῦ</strong></span> <span class='ocrx_word' id='word_1_275' title='bbox 481 3425 535 3462; x_wconf 80' lang='grc' dir='ltr'><strong>σου</strong></span> <span class='ocrx_word' id='word_1_276' title='bbox 558 3407 617 3462; x_wconf 88' lang='lat' dir='ltr'><strong>css&#39;e</strong></span> <span class='ocrx_word' id='word_1_277' title='bbox 647 3409 729 3463; x_wconf 87' lang='lat' dir='ltr'><strong>iacile</strong></span> <span class='ocrx_word' id='word_1_278' title='bbox 752 3412 886 3478; x_wconf 82' lang='lat' dir='ltr'><strong>pervenit.</strong></span> <span class='ocrx_word' id='word_1_279' title='bbox 930 3412 1037 3462; x_wconf 91' lang='lat' dir='ltr'><strong>minime</strong></span> <span class='ocrx_word' id='word_1_280' title='bbox 1056 3410 1174 3462; x_wconf 83' lang='lat' dir='ltr'><strong>divinum</strong></span> <span class='ocrx_word' id='word_1_281' title='bbox 1193 3408 1261 3460; x_wconf 80' lang='lat' dir='ltr'><strong>illul</strong></span> 
     </span>
     <span class='ocr_line' id='line_1_30' title="bbox 157 3481 1260 3550; baseline -0.002 -18"><span class='ocrx_word' id='word_1_282' title='bbox 157 3497 250 3544; x_wconf 90' lang='lat' dir='ltr'><strong>unum,</strong></span> <span class='ocrx_word' id='word_1_283' title='bbox 271 3495 365 3532; x_wconf 85' lang='lat' dir='ltr'><strong>creans</strong></span> <span class='ocrx_word' id='word_1_284' title='bbox 384 3483 531 3549; x_wconf 84' lang='lat' dir='ltr'><strong>composita</strong></span> <span class='ocrx_word' id='word_1_285' title='bbox 557 3481 620 3546; x_wconf 89' lang='lat' dir='ltr'><strong>illa,</strong></span> <span class='ocrx_word' id='word_1_286' title='bbox 647 3482 761 3550; x_wconf 83' lang='lat' dir='ltr'><strong>simplex</strong></span> <span class='ocrx_word' id='word_1_287' title='bbox 789 3484 897 3535; x_wconf 91' lang='lat' dir='ltr'><strong>omnino</strong></span> <span class='ocrx_word' id='word_1_288' title='bbox 918 3489 945 3534; x_wconf 83' lang='lat' dir='ltr'><strong>et</strong></span> <span class='ocrx_word' id='word_1_289' title='bbox 968 3481 1186 3549; x_wconf 83' lang='lat' dir='ltr'><strong>supernaturale,</strong></span> <span class='ocrx_word' id='word_1_290' title='bbox 1205 3493 1260 3531; x_wconf 91' lang='lat' dir='ltr'><strong>non</strong></span> 
     </span>
     <span class='ocr_line' id='line_1_31' title="bbox 157 3551 1260 3622; baseline -0.001 -19"><span class='ocrx_word' id='word_1_291' title='bbox 157 3552 241 3603; x_wconf 79' lang='lat' dir='ltr'><strong>talem</strong></span> <span class='ocrx_word' id='word_1_292' title='bbox 265 3553 426 3618; x_wconf 79' lang='lat' dir='ltr'><strong>positionem</strong></span> <span class='ocrx_word' id='word_1_293' title='bbox 461 3554 654 3622; x_wconf 78' lang='lat' dir='ltr'><strong>expositionem</strong></span> <span class='ocrx_word' id='word_1_294' title='bbox 683 3555 815 3621; x_wconf 83' lang='lat' dir='ltr'><strong>explicat,</strong></span> <span class='ocrx_word' id='word_1_295' title='bbox 849 3554 896 3606; x_wconf 88' lang='lat' dir='ltr'><strong>scd</strong></span> <span class='ocrx_word' id='word_1_296' title='bbox 921 3554 1098 3605; x_wconf 88' lang='lat' dir='ltr'><strong>exemtionem</strong></span> <span class='ocrx_word' id='word_1_297' title='bbox 1125 3569 1140 3621; x_wconf 88' lang='lat' dir='ltr'><strong>e</strong></span> <span class='ocrx_word' id='word_1_298' title='bbox 1169 3551 1260 3603; x_wconf 89' lang='lat' dir='ltr'><strong>multis</strong></span> 
     </span>
     <span class='ocr_line' id='line_1_32' title="bbox 158 3623 1260 3694; baseline -0.001 -21"><span class='ocrx_word' id='word_1_299' title='bbox 158 3637 230 3692; x_wconf 86' lang='lat' dir='ltr'><strong>quae</strong></span> <span class='ocrx_word' id='word_1_300' title='bbox 251 3632 313 3675; x_wconf 88' lang='lat' dir='ltr'><strong>sunt</strong></span> <span class='ocrx_word' id='word_1_301' title='bbox 332 3623 471 3676; x_wconf 85' lang='lat' dir='ltr'><strong>sensibilia</strong></span> <span class='ocrx_word' id='word_1_302' title='bbox 491 3634 517 3677; x_wconf 90' lang='lat' dir='ltr'><strong>ct</strong></span> <span class='ocrx_word' id='word_1_303' title='bbox 537 3625 729 3694; x_wconf 79' lang='lat' dir='ltr'><strong>intelligibilia.</strong></span> <span class='ocrx_word' id='word_1_304' title='bbox 757 3627 779 3678; x_wconf 85' lang='lat' dir='ltr'><strong>si</strong></span> <span class='ocrx_word' id='word_1_305' title='bbox 800 3627 879 3691; x_wconf 87' lang='lat' dir='ltr'><strong>enim,</strong></span> <span class='ocrx_word' id='word_1_306' title='bbox 899 3627 970 3694; x_wconf 87' lang='lat' dir='ltr'><strong>quod</strong></span> <span class='ocrx_word' id='word_1_307' title='bbox 981 3626 1091 3693; x_wconf 85' lang='lat' dir='ltr'><strong>proprie</strong></span> <span class='ocrx_word' id='word_1_308' title='bbox 1111 3631 1161 3689; x_wconf 89' lang='lat' dir='ltr'><strong>est,</strong></span> <span class='ocrx_word' id='word_1_309' title='bbox 1179 3637 1260 3674; x_wconf 90' lang='lat' dir='ltr'><strong>unum</strong></span> 
     </span>
     <span class='ocr_line' id='line_1_33' title="bbox 160 3694 1260 3764; baseline -0.002 -18"><span class='ocrx_word' id='word_1_310' title='bbox 160 3701 213 3759; x_wconf 87' lang='lat' dir='ltr'><strong>est,</strong></span> <span class='ocrx_word' id='word_1_311' title='bbox 232 3709 311 3746; x_wconf 89' lang='lat' dir='ltr'><strong>unum</strong></span> <span class='ocrx_word' id='word_1_312' title='bbox 333 3711 397 3764; x_wconf 85' lang='lat' dir='ltr'><strong>engo</strong></span> <span class='ocrx_word' id='word_1_313' title='bbox 417 3699 468 3748; x_wconf 87' lang='lat' dir='ltr'><strong>erit</strong></span> <span class='ocrx_word' id='word_1_314' title='bbox 486 3699 595 3764; x_wconf 86' lang='lat' dir='ltr'><strong>proprie</strong></span> <span class='ocrx_word' id='word_1_315' title='bbox 615 3699 731 3749; x_wconf 85' lang='lat' dir='ltr'><strong>existens</strong></span> <span class='ocrx_word' id='word_1_316' title='bbox 752 3705 779 3748; x_wconf 90' lang='lat' dir='ltr'><strong>ct</strong></span> <span class='ocrx_word' id='word_1_317' title='bbox 798 3697 869 3749; x_wconf 83' lang='lat' dir='ltr'><strong>ultra</strong></span> <span class='ocrx_word' id='word_1_318' title='bbox 888 3713 991 3748; x_wconf 93' lang='lat' dir='ltr'><strong>omnem</strong></span> <span class='ocrx_word' id='word_1_319' title='bbox 1009 3697 1150 3748; x_wconf 87' lang='lat' dir='ltr'><strong>rationem.</strong></span> <span class='ocrx_word' id='word_1_320' title='bbox 1180 3694 1260 3746; x_wconf 89' lang='lat' dir='ltr'><strong>unius</strong></span> 
     </span>
     <span class='ocr_line' id='line_1_34' title="bbox 157 3765 1260 3838; baseline -0.003 -19"><span class='ocrx_word' id='word_1_321' title='bbox 157 3775 249 3820; x_wconf 88' lang='lat' dir='ltr'><strong>autem</strong></span> <span class='ocrx_word' id='word_1_322' title='bbox 276 3765 345 3817; x_wconf 91' lang='lat' dir='ltr'><strong>nibil</strong></span> <span class='ocrx_word' id='word_1_323' title='bbox 373 3767 443 3818; x_wconf 86' lang='lat' dir='ltr'><strong>ultra</strong></span> <span class='ocrx_word' id='word_1_324' title='bbox 461 3771 631 3832; x_wconf 85' lang='lat' dir='ltr'><strong>universum,</strong></span> <span class='ocrx_word' id='word_1_325' title='bbox 657 3769 726 3820; x_wconf 88' lang='lat' dir='ltr'><strong>unde</strong></span> <span class='ocrx_word' id='word_1_326' title='bbox 752 3769 821 3820; x_wconf 83' lang='lat' dir='ltr'><strong>ratio</strong></span> <span class='ocrx_word' id='word_1_327' title='bbox 845 3771 933 3838; x_wconf 85' lang='lat' dir='ltr'><strong>imago</strong></span> <span class='ocrx_word' id='word_1_328' title='bbox 959 3770 1039 3820; x_wconf 91' lang='lat' dir='ltr'><strong>unius</strong></span> <span class='ocrx_word' id='word_1_329' title='bbox 1057 3767 1132 3819; x_wconf 89' lang='lat' dir='ltr'><strong>illins</strong></span> <span class='ocrx_word' id='word_1_330' title='bbox 1153 3767 1260 3818; x_wconf 89' lang='lat' dir='ltr'><strong>dicitur.</strong></span> 
     </span>
     <span class='ocr_line' id='line_1_35' title="bbox 158 3838 1283 3910; baseline -0.004 -19"><span class='ocrx_word' id='word_1_331' title='bbox 158 3853 222 3890; x_wconf 85' lang='lat' dir='ltr'><strong>esse</strong></span> <span class='ocrx_word' id='word_1_332' title='bbox 246 3838 315 3887; x_wconf 89' lang='lat' dir='ltr'><strong>enim</strong></span> <span class='ocrx_word' id='word_1_333' title='bbox 338 3839 470 3890; x_wconf 85' lang='lat' dir='ltr'><strong>rationem</strong></span> <span class='ocrx_word' id='word_1_334' title='bbox 488 3839 578 3891; x_wconf 88' lang='lat' dir='ltr'><strong>lumen</strong></span> <span class='ocrx_word' id='word_1_335' title='bbox 597 3839 666 3910; x_wconf 77' lang='lat' dir='ltr'><strong>vigil</strong></span> <span class='ocrx_word' id='word_1_336' title='bbox 699 3847 726 3891; x_wconf 92' lang='lat' dir='ltr'><strong>et</strong></span> <span class='ocrx_word' id='word_1_337' title='bbox 744 3841 814 3891; x_wconf 89' lang='lat' dir='ltr'><strong>viam</strong></span> <span class='ocrx_word' id='word_1_338' title='bbox 840 3850 992 3893; x_wconf 86' lang='lat' dir='ltr'><strong>munentem</strong></span> <span class='ocrx_word' id='word_1_339' title='bbox 1017 3848 1043 3891; x_wconf 92' lang='lat' dir='ltr'><strong>ct</strong></span> <span class='ocrx_word' id='word_1_340' title='bbox 1071 3846 1186 3890; x_wconf 85' lang='lat' dir='ltr'><strong>mentem</strong></span> <span class='ocrx_word' id='word_1_341' title='bbox 1206 3851 1283 3904; x_wconf 77' lang='lat' dir='ltr'><strong>nou¹</strong></span> 
     </span>
     <span class='ocr_line' id='line_1_36' title="bbox 156 3907 1262 3980; baseline -0.003 -19"><span class='ocrx_word' id='word_1_342' title='bbox 156 3911 193 3961; x_wconf 90' lang='lat' dir='ltr'><strong>ad</strong></span> <span class='ocrx_word' id='word_1_343' title='bbox 213 3907 332 3958; x_wconf 80' lang='lat' dir='ltr'><strong>futurum</strong></span> <span class='ocrx_word' id='word_1_344' title='bbox 348 3911 477 3974; x_wconf 82' lang='lat' dir='ltr'><strong>activam,</strong></span> <span class='ocrx_word' id='word_1_345' title='bbox 497 3911 544 3962; x_wconf 86' lang='lat' dir='ltr'><strong>sed</strong></span> <span class='ocrx_word' id='word_1_346' title='bbox 569 3912 601 3962; x_wconf 89' lang='lat' dir='ltr'><strong>ad</strong></span> <span class='ocrx_word' id='word_1_347' title='bbox 628 3913 781 3978; x_wconf 86' lang='lat' dir='ltr'><strong>praesentia</strong></span> <span class='ocrx_word' id='word_1_348' title='bbox 801 3919 914 3980; x_wconf 83' lang='lat' dir='ltr'><strong>atquae</strong></span> <span class='ocrx_word' id='word_1_349' title='bbox 939 3911 1038 3963; x_wconf 87' lang='lat' dir='ltr'><strong>similia</strong></span> <span class='ocrx_word' id='word_1_350' title='bbox 1067 3919 1128 3963; x_wconf 89' lang='lat' dir='ltr'><strong>sunt</strong></span> <span class='ocrx_word' id='word_1_351' title='bbox 1154 3917 1180 3961; x_wconf 93' lang='lat' dir='ltr'><strong>et</strong></span> <span class='ocrx_word' id='word_1_352' title='bbox 1210 3908 1262 3962; x_wconf 90' lang='lat' dir='ltr'><strong>sibi</strong></span> 
     </span>
     <span class='ocr_line' id='line_1_37' title="bbox 158 3980 1275 4053; baseline -0.002 -21"><span class='ocrx_word' id='word_1_353' title='bbox 158 3980 313 4042; x_wconf 82' lang='lat' dir='ltr'><strong>concordia,</strong></span> <span class='ocrx_word' id='word_1_354' title='bbox 332 3981 440 4031; x_wconf 92' lang='lat' dir='ltr'><strong>minime</strong></span> <span class='ocrx_word' id='word_1_355' title='bbox 461 3995 576 4049; x_wconf 90' lang='lat' dir='ltr'><strong>unquam</strong></span> <span class='ocrx_word' id='word_1_356' title='bbox 594 3984 780 4053; x_wconf 81' lang='lat' dir='ltr'><strong>repugnantia.</strong></span> <span class='ocrx_word' id='word_1_357' title='bbox 818 3983 850 4034; x_wconf 86' lang='lat' dir='ltr'><strong>ad</strong></span> <span class='ocrx_word' id='word_1_358' title='bbox 870 3983 924 4034; x_wconf 90' lang='lat' dir='ltr'><strong>tale</strong></span> <span class='ocrx_word' id='word_1_359' title='bbox 942 3999 1040 4048; x_wconf 88' lang='lat' dir='ltr'><strong>unum,</strong></span> <span class='ocrx_word' id='word_1_360' title='bbox 1059 3982 1166 4035; x_wconf 88' lang='lat' dir='ltr'><strong>scilicet</strong></span> <span class='ocrx_word' id='word_1_361' title='bbox 1183 3981 1275 4033; x_wconf 61' lang='lat' dir='ltr'><strong>deum*</strong></span> 
     </span>
     <span class='ocr_line' id='line_1_38' title="bbox 86 4049 1262 4122; baseline -0.001 -19"><span class='ocrx_word' id='word_1_362' title='bbox 86 4053 87 4058; x_wconf 76' lang='grc'>’</span> <span class='ocrx_word' id='word_1_363' title='bbox 158 4053 248 4103; x_wconf 86' lang='lat' dir='ltr'><strong>omnia</strong></span> <span class='ocrx_word' id='word_1_364' title='bbox 266 4049 314 4102; x_wconf 90' lang='lat' dir='ltr'><strong>illa</strong></span> <span class='ocrx_word' id='word_1_365' title='bbox 332 4053 439 4102; x_wconf 86' lang='lat' dir='ltr'><strong>nomina</strong></span> <span class='ocrx_word' id='word_1_366' title='bbox 457 4053 601 4104; x_wconf 90' lang='lat' dir='ltr'><strong>secundum</strong></span> <span class='ocrx_word' id='word_1_367' title='bbox 628 4055 661 4106; x_wconf 83' lang='grc'><strong>1).</strong></span> <span class='ocrx_word' id='word_1_368' title='bbox 688 4055 862 4107; x_wconf 76' lang='lat' dir='ltr'><strong>Athanasium</strong></span> <span class='ocrx_word' id='word_1_369' title='bbox 891 4055 1030 4118; x_wconf 76' lang='lat' dir='ltr'><strong>feruntur,</strong></span> <span class='ocrx_word' id='word_1_370' title='bbox 1050 4070 1119 4122; x_wconf 88' lang='lat' dir='ltr'><strong>quac</strong></span> <span class='ocrx_word' id='word_1_371' title='bbox 1137 4061 1216 4105; x_wconf 86' lang='lat' dir='ltr'><strong>autea</strong></span> <span class='ocrx_word' id='word_1_372' title='bbox 1233 4053 1262 4103; x_wconf 94' lang='lat' dir='ltr'><strong>in</strong></span> 
     </span>
     <span class='ocr_line' id='line_1_39' title="bbox 158 4121 1263 4200; baseline -0.005 -24"><span class='ocrx_word' id='word_1_373' title='bbox 158 4123 222 4176; x_wconf 86' lang='lat' dir='ltr'><strong>aliis</strong></span> <span class='ocrx_word' id='word_1_374' title='bbox 242 4121 318 4174; x_wconf 86' lang='lat' dir='ltr'><strong>libris</strong></span> <span class='ocrx_word' id='word_1_375' title='bbox 338 4123 447 4188; x_wconf 85' lang='lat' dir='ltr'><strong>protulit</strong></span> <span class='ocrx_word' id='word_1_376' title='bbox 468 4133 494 4175; x_wconf 88' lang='lat' dir='ltr'><strong>et</strong></span> <span class='ocrx_word' id='word_1_377' title='bbox 513 4139 581 4200; x_wconf 87' lang='lat' dir='ltr'><strong>quae</strong></span> <span class='ocrx_word' id='word_1_378' title='bbox 596 4139 677 4190; x_wconf 87' lang='lat' dir='ltr'><strong>nunc,</strong></span> <span class='ocrx_word' id='word_1_379' title='bbox 696 4141 792 4192; x_wconf 89' lang='lat' dir='ltr'><strong>nempe</strong></span> <span class='ocrx_word' id='word_1_380' title='bbox 814 4125 1030 4192; x_wconf 84' lang='lat' dir='ltr'><strong>interruptibilc,</strong></span> <span class='ocrx_word' id='word_1_381' title='bbox 1050 4125 1196 4191; x_wconf 89' lang='lat' dir='ltr'><strong>immobile,</strong></span> <span class='ocrx_word' id='word_1_382' title='bbox 1216 4125 1263 4175; x_wconf 88' lang='lat' dir='ltr'><strong>in.</strong></span> 
     </span>
     <span class='ocr_line' id='line_1_40' title="bbox 158 4195 1262 4266; baseline -0.001 -20"><span class='ocrx_word' id='word_1_383' title='bbox 158 4195 281 4260; x_wconf 89' lang='lat' dir='ltr'><strong>linitum,</strong></span> <span class='ocrx_word' id='word_1_384' title='bbox 302 4196 485 4260; x_wconf 87' lang='lat' dir='ltr'><strong>omnipotens,</strong></span> <span class='ocrx_word' id='word_1_385' title='bbox 504 4196 665 4264; x_wconf 83' lang='lat' dir='ltr'><strong>providens,</strong></span> <span class='ocrx_word' id='word_1_386' title='bbox 686 4211 861 4266; x_wconf 88' lang='lat' dir='ltr'><strong>quaecunque</strong></span> <span class='ocrx_word' id='word_1_387' title='bbox 885 4203 961 4264; x_wconf 88' lang='lat' dir='ltr'><strong>pater</strong></span> <span class='ocrx_word' id='word_1_388' title='bbox 980 4205 1044 4248; x_wconf 90' lang='lat' dir='ltr'><strong>sunt</strong></span> <span class='ocrx_word' id='word_1_389' title='bbox 1063 4205 1090 4248; x_wconf 91' lang='lat' dir='ltr'><strong>et</strong></span> <span class='ocrx_word' id='word_1_390' title='bbox 1108 4213 1176 4266; x_wconf 89' lang='lat' dir='ltr'><strong>quae</strong></span> <span class='ocrx_word' id='word_1_391' title='bbox 1195 4209 1262 4264; x_wconf 87' lang='lat' dir='ltr'><strong>pro.</strong></span> 
     </span>
     <span class='ocr_line' id='line_1_41' title="bbox 157 4265 1262 4336; baseline -0.001 -19"><span class='ocrx_word' id='word_1_392' title='bbox 157 4265 219 4334; x_wconf 86' lang='lat' dir='ltr'><strong>pria</strong></span> <span class='ocrx_word' id='word_1_393' title='bbox 239 4267 317 4317; x_wconf 89' lang='lat' dir='ltr'><strong>etiam</strong></span> <span class='ocrx_word' id='word_1_394' title='bbox 336 4265 386 4318; x_wconf 90' lang='lat' dir='ltr'><strong>lilii</strong></span> <span class='ocrx_word' id='word_1_395' title='bbox 407 4281 465 4318; x_wconf 87' lang='lat' dir='ltr'><strong>esse</strong></span> <span class='ocrx_word' id='word_1_396' title='bbox 485 4267 559 4332; x_wconf 88' lang='lat' dir='ltr'><strong>dicit,</strong></span> <span class='ocrx_word' id='word_1_397' title='bbox 579 4267 602 4318; x_wconf 87' lang='lat' dir='ltr'><strong>si</strong></span> <span class='ocrx_word' id='word_1_398' title='bbox 622 4267 727 4336; x_wconf 88' lang='lat' dir='ltr'><strong>quidem</strong></span> <span class='ocrx_word' id='word_1_399' title='bbox 746 4267 879 4320; x_wconf 85' lang='lat' dir='ltr'><strong>naturalia</strong></span> <span class='ocrx_word' id='word_1_400' title='bbox 892 4276 919 4319; x_wconf 91' lang='lat' dir='ltr'><strong>et</strong></span> <span class='ocrx_word' id='word_1_401' title='bbox 939 4268 1103 4332; x_wconf 88' lang='lat' dir='ltr'><strong>essentialia,</strong></span> <span class='ocrx_word' id='word_1_402' title='bbox 1122 4285 1157 4321; x_wconf 91' lang='lat' dir='ltr'><strong>ne</strong></span> <span class='ocrx_word' id='word_1_403' title='bbox 1176 4268 1262 4320; x_wconf 88' lang='lat' dir='ltr'><strong>dtcam</strong></span> 
     </span>
     <span class='ocr_line' id='line_1_42' title="bbox 157 4337 1262 4408; baseline -0.002 -18"><span class='ocrx_word' id='word_1_404' title='bbox 157 4341 246 4406; x_wconf 90' lang='lat' dir='ltr'><strong>ipsum</strong></span> <span class='ocrx_word' id='word_1_405' title='bbox 267 4353 327 4391; x_wconf 88' lang='lat' dir='ltr'><strong>csse</strong></span> <span class='ocrx_word' id='word_1_406' title='bbox 345 4337 438 4390; x_wconf 88' lang='lat' dir='ltr'><strong>lilium.</strong></span> <span class='ocrx_word' id='word_1_407' title='bbox 459 4355 635 4408; x_wconf 86' lang='lat' dir='ltr'><strong>quaecunque</strong></span> <span class='ocrx_word' id='word_1_408' title='bbox 655 4341 834 4392; x_wconf 86' lang='lat' dir='ltr'><strong>attribuuntur</strong></span> <span class='ocrx_word' id='word_1_409' title='bbox 851 4340 921 4408; x_wconf 85' lang='lat' dir='ltr'><strong>patri</strong></span> <span class='ocrx_word' id='word_1_410' title='bbox 939 4340 1099 4392; x_wconf 86' lang='lat' dir='ltr'><strong>naturaliter</strong></span> <span class='ocrx_word' id='word_1_411' title='bbox 1120 4347 1146 4391; x_wconf 87' lang='lat' dir='ltr'><strong>et</strong></span> <span class='ocrx_word' id='word_1_412' title='bbox 1166 4351 1262 4392; x_wconf 85' lang='lat' dir='ltr'><strong>ossen-</strong></span> 
     </span>
    </p>
   </div>
   <div class='ocr_carea' id='block_1_4' title="bbox 252 4451 1070 4524">
    <p class='ocr_par' dir='ltr' id='par_1_10' title="bbox 252 4451 1070 4524">
     <span class='ocr_line' id='line_1_43' title="bbox 252 4451 1070 4524; baseline 0.002 -18"><span class='ocrx_word' id='word_1_413' title='bbox 252 4452 417 4524; x_wconf 76' lang='lat' dir='ltr'><strong>Ns&#39;eepltomst</strong></span> <span class='ocrx_word' id='word_1_414' title='bbox 437 4454 547 4524; x_wconf 79' lang='lat' dir='ltr'><strong>Grepor.</strong></span> <span class='ocrx_word' id='word_1_415' title='bbox 574 4453 629 4507; x_wconf 81' lang='lat' dir='ltr'><strong>Vol.</strong></span> <span class='ocrx_word' id='word_1_416' title='bbox 651 4453 706 4508; x_wconf 90' lang='lat' dir='ltr'><strong>lll.</strong></span> <span class='ocrx_word' id='word_1_417' title='bbox 1034 4451 1070 4508; x_wconf 77' lang='lat'><strong>24</strong></span> 
     </span>
    </p>
   </div>
   <div class='ocr_carea' id='block_1_5' title="bbox 0 0 1611 5100">
    <p class='ocr_par' dir='ltr' id='par_1_11' title="bbox 0 0 1611 5100">
     <span class='ocr_line' id='line_1_44' title="bbox 0 0 1611 5100; baseline 0 0"><span class='ocrx_word' id='word_1_418' title='bbox 0 0 1611 5100; x_wconf 95' lang='lat' dir='ltr'><strong> </strong></span> 
     </span>
    </p>
   </div>
  </div>
 </body>
</html>
