3184 5100
326 404 560 508 nisaomaal
575 403 834 474 nrzsunmn
851 409 961 474 xxvi.
976 389 1104 490 'le-9·
1229 397 1277 472 tt

173 565 324 658 genitivos
356 572 517 655 δήπουθεν
544 567 652 633 καινὸν
681 569 712 633 εἰ
738 576 960 652 περιφρονοΐτο
980 569 1068 632 τοῦθ’
1100 568 1160 654 εἶφ’
1190 566 1280 651 ἡμῶν

175 675 221 752 ὥς
244 678 346 740 ἐκεῖνο
368 673 466 736 πύλαι
500 679 563 746 τοίς
598 679 767 755 φονευταῑς
797 669 965 743 Ἰουδαίοις
992 667 1123 734 ἐκείνου.
1167 672 1200 736 ἓν
1221 672 1281 750 μὲν

175 774 215 860 δὴ
239 775 333 838 τοῦδ’
356 769 464 837 ἰκανὸν
494 769 548 836 ἐπί
582 769 638 844 τός
660 770 786 852 πρώτας
817 770 922 843 αἰτίας
944 771 1000 834 καί
1027 768 1197 853 διαλήψεις
1219 773 1281 833 τῶν

175 878 314 961 α’φανιύν
346 872 604 958 ἀρρωστημάτων
635 875 690 954 τῆς
723 871 842 936 ἐκείνου
871 874 982 952 ψυχῆς
1015 871 1189 955 α’ναφέρειν
1219 890 1280 933 σου

148 974 236 1060 natja
270 971 416 1039 διάνοιαν
442 977 497 1038 καί
528 972 700 1054 ἐπερείδειν
735 973 777 1047 ὡς
811 970 864 1036 ε’πί
891 974 1029 1059 θεμελίῳ
1064 968 1120 1046 τός
1148 969 1280 1036 κατόπιν

177 1074 320 1162 ἐφόδους
342 1078 403 1139 ταῖν
424 1074 661 1155 διαλογισμῶν·
706 1071 858 1153 δεύτερον
880 1074 909 1134 δ’
924 1068 970 1134 δτι
994 1071 1170 1138 πολυθεΐαν
1185 1071 1281 1152 ἔγκα-

176 1173 342 1258 λούμενος,
364 1173 520 1260 μηδὲγὰρ
540 1175 693 1248 Ἰουδαῖος
711 1170 850 1256 ἔφασκεν
869 1166 953 1236 εἶναι
972 1174 1054 1255 μηδὲ
1069 1173 1131 1236 τοῖν
1147 1171 1280 1254 'Iopen-
1372 1192 1380 1202 ·

177 1281 275 1343 λιτῶν
296 1273 358 1354 εἷς,
390 1280 429 1342 ἵν’
451 1276 504 1340 ἕνα
527 1280 604 1364 σέβῃ
628 1272 713 1340 θεόν.
768 1270 830 1356 ἐγιύ
854 1276 889 1338 δὲ
913 1279 968 1338 καί
989 1275 1086 1338 πλείω
1108 1274 1164 1336 καί
1179 1271 1279 1352 μειζιο

177 1384 340 1464 συνείρειν
362 1382 482 1445 ἐθέλων
512 1382 567 1460 τῆς
599 1379 698 1460 αύτῇς
733 1376 872 1458 ἐχόμενα
893 1377 1021 1455 κακίας,
1041 1375 1097 1439 καί
1124 1374 1280 1439 δεικνύειν

133 1493 167 1547 10
178 1485 238 1545 καί
263 1482 478 1566 α’ναπτύσσειν
506 1479 641 1552 ὁπόσους
664 1480 720 1560 τῆς
744 1478 892 1559 α’σεβείας
915 1480 1062 1568 ταμιεύει
1089 1474 1130 1540 τὰ
1152 1477 1278 1558 βραχέα

181 1583 276 1645 ταυτί
298 1579 501 1665 θησαυρούς,
527 1581 613 1645 ducib
637 1581 728 1644 ἕνεκα
758 1579 915 1661 παρίημι,
938 1571 1006 1652 ἑνός
1029 1578 1088 1657 μὲν
1110 1573 1156 1642 ότι
1180 1572 1280 1660 σοφός

175 1675 224 1746 oie
246 1684 301 1745 καί
322 1679 417 1757 αύτδς
439 1685 573 1764 ξυνῆκας
595 1680 735 1754 οἰκούσας
757 1680 867 1764 εύθύς,
888 1675 992 1767 γνούσῃ
1014 1682 1044 1744 δ’
1066 1670 1110 1742 αύ
1129 1676 1279 1742 τελεοίτε-

177 1805 234 1865 ρον
256 1791 324 1858 ταῖς
346 1781 465 1848 ἐκείνου
498 1786 620 1863 βίβλοις
649 1779 883 1864 ἐντετυχηκώς,
913 1783 1063 1864 δευτέρον
1086 1783 1114 1843 δ’
1139 1772 1186 1844 ότι
1206 1801 1280 1842 και-

176 1883 235 1967 ρόυ
257 1884 386 1948 α’πιίναι
406 1907 442 1948 σε
465 1883 566 1947 οἴκαδ’
589 1884 707 1964 α’ρτίατς
729 1879 930 1965 ἁρμόττοντα
958 1877 1067 1963 οἰόμαι
1086 1874 1181 1956 εἰναι,
1205 1877 1280 1961 πρίν

134 1982 254 2059 15τούς
275 1988 377 2074 κύκλῳ
403 1985 564 2060 πανόπτας
589 1986 764 2050 αἰσθέσθαι
788 1983 843 2047 καί
864 1981 939 2058 τούς
969 1979 1102 2066 πικρούς
1123 1984 1179 2064 τῆς
1202 1981 1280 2064 ἐμῆς

177 2087 422 2172 δεσμοφύλακας
445 2087 552 2172 τύχης.

279 2189 350 2252 Καί
373 2189 476 2251 ταύτα
502 2189 561 2268 μὲν
594 2189 707 2252 τοῦτον
735 2184 810 2270 ἔσχε
840 2186 895 2251 τόν
913 2186 1048 2270 τρόπον,
1069 2184 1125 2250 καί
1146 2181 1162 2248 ό
1182 2180 1315 2258 καλδςθ

172 2286 408 2371 Ἀγαθύγγελος
437 2293 561 2353 τοσαῦτ’
591 2287 689 2354 cineis*
720 2292 775 2352 καί
809 2288 948 2365 α’κούοας
978 2287 1073 2376 α’πῄει
1098 2290 1122 2328 “
1144 2284 1308 2370 rrixtmp,i.
1329 2293 1417 2348 ttae

173 2388 314 2473 ’μηδενός
334 2391 397 2454 τεόν
418 2388 502 2468 duur
531 2393 672 2456 dtcoxroir
704 2392 910 2472 αἰσθομένου.
960 2389 1077 2476 χρόνον
1107 2393 1136 2456 δ’
1157 2391 1279 2454 ἐκεῖθεν

131 2490 381 2577 posteaquam»
415 2493 475 2559 σίνύ
499 2491 557 2577 τόν
587 2494 677 2557 πόλιν
712 2493 846 2578 ταυτηνί
868 2494 1099 2579 διατετριφοίς,
1134 2494 1190 2557 καί
1210 2496 1280 2557 Βο-

175 2597 313 2674 ζαντίων
333 2604 397 2669 τοῖς
419 2596 617 2681 προύχουσιν
639 2596 696 2661 ἐπί
712 2619 746 2659 τε
780 2600 879 2687 σοφίρι
902 2601 957 2662 καί
986 2598 1060 2684 δόξῃ
1082 2620 1280 2679 συναναμιγ-

172 2693 307 2777 νύμενός
328 2718 361 2761 τε
383 2700 438 2761 καί
458 2695 578 2777 δμιλιόν
600 2698 742 2783 εὐφυῶς,
762 2701 819 2761 καί
838 2707 901 2773 τοῖς
916 2697 990 2784 πρίν
1013 2700 1218 2783 ἠκονσμίνοις
1238 2693 1278 2761 τύ

176 2997 293 3057 corpore
316 2992 343 3036 et
368 2980 477 3037 multum
502 2986 535 3039 ab
565 3000 597 3038 eo
616 2988 751 3041 diversum
770 2995 846 3056 putat
870 3002 959 3055 neque
987 2986 1110 3055 proiecto
1128 2989 1165 3040 ita
1184 2988 1279 3042 mirum

176 3074 258 3123 esse,
290 3058 312 3108 si
332 3055 384 3107 lroc
409 3073 425 3107 a
451 3059 527 3111 nobis
548 3068 748 3123 contemnatur,
770 3061 844 3111 sicut.
863 3059 931 3111 illud
954 3060 1085 3126 qnondam
1112 3060 1144 3112 db
1162 3056 1295 3128 ludaeis,

176 3128 278 3183 Christi
298 3128 526 3182 interlectoribus.
547 3131 599 3181 hoc
615 3146 695 3182 uuum
714 3131 816 3183 suflicit
835 3132 867 3182 ad
886 3131 982 3197 primas
1004 3146 1096 3183 causas
1115 3140 1142 3183 et
1159 3135 1278 3186 rationes

174 3201 375 3251 reconditorum
394 3201 473 3252 animi
494 3203 619 3253 vitiorum
646 3204 835 3272 cogitationem
855 3210 926 3253 tuam
948 3201 1051 3253 referre
1069 3204 1097 3253 in
1115 3204 1204 3272 iisqne
1225 3222 1278 3257 ve.

174 3273 225 3324 luti
245 3272 274 3321 in
293 3272 462 3323 fundamento
488 3276 674 3341 insequentem
704 3274 956 3340 contemplationum
985 3274 1104 3325 ordinem
1132 3275 1276 3327 collocare.

175 3343 324 3397 secundum
347 3352 435 3394 autem
462 3345 670 3411 polytlreismum
696 3348 746 3398 iste
776 3346 932 3409 advocavit3
958 3346 1024 3397 dixit
1050 3347 1137 3411 enim,
1168 3362 1198 3397 se
1225 3364 1277 3399 nec

173 3417 301 3467 ludaeum
322 3430 373 3465 nec
391 3414 551 3468 ismaelitam
572 3434 641 3480 esse,
660 3424 689 3467 ut
707 3434 786 3468 unum
805 3416 883 3469 deum
899 3417 1012 3469 coleret.
1034 3432 1190 3485 quamquam
1208 3433 1275 3470 vero

174 3487 255 3553 plura
274 3502 306 3536 ac
324 3487 432 3551 maiora,
453 3504 521 3555 quae
541 3490 573 3540 ml
589 3489 698 3540 eandem
714 3489 908 3556 improbitatem
927 3490 1072 3556 pertinent,
1091 3492 1195 3541 reterre
1213 3490 1277 3541 vol-

174 3560 229 3610 lem
250 3558 354 3626 tibique
366 3558 546 3612 demonstrare
566 3569 592 3613 et
608 3560 753 3627 explicare,
772 3570 897 3628 quantam
908 3561 1084 3629 improbitatis
1095 3560 1193 3612 molem
1209 3562 1276 3612 baec

175 3645 261 3696 pauca
281 3630 309 3681 in
328 3645 389 3681 sese
408 3631 537 3697 habeant,
566 3634 657 3683 omitto
677 3640 765 3683 tamen
784 3633 885 3684 duabus
905 3634 1064 3694 exsensis,
1085 3634 1196 3699 primum
1214 3634 1277 3701 qni.

176 3702 247 3765 dem,
268 3702 339 3768 quod
359 3702 427 3769 ipse,
448 3718 501 3770 qua
525 3720 553 3755 cs
572 3704 759 3770 sapientia,.id
778 3706 866 3755 statim
885 3705 995 3754 audiens
1017 3703 1176 3755 intellexisti
1197 3713 1278 3773 atque
1354 3756 1360 3769 ‚

176 3775 328 3825 accuratius
351 3776 428 3825 etiam
450 3788 598 3842 cognosces
625 3774 700 3825 libris
726 3778 783 3826 eius
811 3769 957 3842 pc'rlectis,
984 3775 1098 3838 deiude,
1118 3774 1189 3842 quod
1207 3790 1278 3827 nunc

177 3852 283 3910 tempus
305 3860 365 3895 essc
384 3845 509 3908 arbitror,
532 3848 635 3898 domum
654 3856 684 3897 nt
702 3847 792 3910 abeas,
813 3848 966 3914 priusquam
986 3845 1076 3898 oculei
1096 3846 1279 3914 speculatores

176 3916 352 3966 circumcirca
368 3918 491 3983 dispositi
512 3926 538 3968 et
557 3932 631 3969 meae
651 3921 732 3970 sortis
744 3921 834 3970 severi
854 3918 977 3970 custodes
995 3925 1023 3968 to
1041 3918 1261 3970 animadvertant.

278 3988 366 4055 Atque
395 3988 460 4039 haec
489 3990 594 4056 quidem
621 3990 657 4040 ita
681 4000 742 4041 sete
767 3990 909 4041 habebant.
964 3989 1167 4041 honestissimus
1193 3998 1280 4041 autem

175 4056 396 4126 Agatbaugelus‚
424 4076 503 4127 quum
532 4061 597 4111 haec
631 4061 742 4113 dixisset
773 4071 800 4112 et
824 4062 990 4124 audivisset,
1009 4061 1076 4112 abiit
1094 4070 1184 4126 noctu,
1203 4062 1281 4113 nullo

176 4143 295 4181 meorum
316 4140 516 4196 persecutorum
543 4133 685 4184 sentiente.
724 4132 785 4183 dein
811 4149 859 4185 sex
884 4148 932 4199 per
959 4148 1065 4184 menses
1093 4135 1121 4184 in
1148 4133 1197 4185 bac
1214 4133 1281 4183 urbe

178 4210 357 4253 commoratus
377 4211 403 4253 et
425 4218 482 4253 cum
504 4204 642 4269 Byzantiis
672 4204 803 4269 sapientia
828 4220 859 4254 uc
876 4204 965 4271 gloria
994 4204 1144 4272 insignibus
1163 4219 1281 4255 conver-

178 4280 249 4324 satus
269 4286 414 4341 eorumque
434 4276 627 4327 consuetudine
656 4275 725 4327 benc
746 4292 809 4329 usus
829 4292 909 4343 quum
939 4290 1045 4338 eorum,
1064 4292 1132 4343 quae
1150 4284 1213 4326 ante
1231 4290 1282 4325 aa·

178 4344 284 4397 diverat
302 4343 416 4411 plurima
436 4347 462 4397 in
487 4349 606 4400 ordinem
631 4348 786 4400 continuum
805 4348 918 4399 maxima
939 4356 1065 4414 exparte
1084 4347 1279 4415 congessisset,
