3184 5100
294 312 517 445 crematae
537 375 798 444 aminnium
815 374 939 444 xxxv.
963 357 1091 445 3-7.
1151 400 1154 411 ·
1186 350 1260 441 titi

87 587 88 620 η
158 536 302 625 μὲνγὰρ
323 535 387 604 ὅσα
407 536 437 604 οἶ
459 538 601 624 λεχθείη,
621 536 723 623 μεστά
740 540 855 615 κακῶν,
876 537 979 602 πάντα
1001 541 1031 603 δ’
1045 534 1108 603 ὅσα
1129 538 1158 603 οἱ
1179 562 1261 623 γνω-

87 691 88 698 1
159 639 272 723 σθείη,
305 638 397 725 γέμει
427 640 548 717 νυκτός.
598 640 734 723 βεβαίου
757 641 792 704 δὲ
822 640 878 703 καί
900 638 1053 722 ἀβεβαίου
1077 640 1168 725 πέρι,
1192 636 1267 705 οὔτε

86 791 88 798 «
158 741 297 827 θάτερον
325 737 389 806 οὔτ’
429 741 594 828 οάδὲτερον
616 736 679 806 οάτ)
703 740 886 828 ἀμφότερον
914 736 1002 825 εάροι
1022 766 1070 817 τις
1092 740 1130 805 ἀν
1149 742 1261 827 ἐρριμ-

87 891 88 922 2
158 840 255 923 με’νον
274 836 296 925 ή
319 840 544 926 ἀνειλημμένον
559 844 592 919 ἐς
605 842 640 907 τά
656 840 905 926 διιωσδηαοτοῦν
917 842 1021 928 σαφὲς
1038 840 1161 928 τάνδρί.
1182 838 1261 906 οὕτω
1271 864 1299 915 o

87 993 88 998 1
133 938 242 1026 ,ηττρδς
273 938 389 1005 άτοιιάν
421 967 453 1006 τι
480 943 537 1007 καί
568 946 744 1029 τερατῶδες
773 940 791 1007 ὅ
822 942 974 1027 γεννάδας
1000 942 1263 1027 μεταπέαλασται

87 1119 88 1126 η
159 1043 291 1126 χρῆμα·
335 1043 370 1106 ἐκ
390 1044 450 1126 μὲν
474 1043 536 1129 γάρ
562 1047 619 1107 τοῦ
640 1042 806 1129 ὁμοδοξεῖν
826 1050 891 1119 τοῖς
922 1043 1141 1129 εἰκονομάχοις
1166 1044 1278 1125 στείν-Ὶ

87 1197 88 1226 3
163 1144 252 1205 clerae
271 1142 331 1226 μὲν
359 1144 415 1209 καί
443 1146 555 1230 χαίρει
579 1151 646 1220 τοῖς
667 1143 761 1221 αάτός
792 1144 932 1222 αὐτοῖς.
958 1146 992 1209 ἐκ
1016 1148 1045 1210 δ’
1070 1140 1113 1211 αδ
1132 1146 1189 1210 τοῦ
1211 1148 1262 1211 δε-

164 1243 266 1307 διέναι
293 1242 339 1328 μή
366 1246 422 1309 καί
451 1246 655 1323 τοῖςάἀτοῖς
684 1237 884 1330 ἀναβὲμασιν
911 1244 1021 1327 ἔνοχος
1040 1245 1169 1333 γένηται
1191 1248 1262 1327 ζῶν,

162 1344 370 1410 ἐναλλάσσειν
391 1345 460 1410 ἔνια
482 1348 580 1413 ἐνίοτε
603 1350 698 1425 δοκεῖ,
720 1344 802 1430 πλήν
830 1345 886 1411 οάκ
908 1348 962 1413 ἐπὶ
981 1346 1016 1413 τὸ
1037 1348 1170 1431 βέλτιον,
1195 1348 1262 1412 ἀλλ’
1345 1420 1349 1427 x

87 1503 88 1534 η
118 1473 154 1527 10
163 1448 217 1512 ἐπὶ
241 1449 277 1513 τὸ
304 1449 393 1532 μάλα
410 1448 447 1534 γε’
467 1475 499 1513 τι
530 1450 662 1536 σφόδρα
688 1449 869 1537 χείριστον·
921 1446 941 1515 δ
968 1450 1028 1533 μὲν
1055 1448 1117 1537 γάρ
1150 1452 1265 1515 ἐκεῖνον

87 1605 88 1638 η
164 1547 315 1632 περὶτοῦ
338 1547 445 1634 φωτὸς
466 1549 586 1615 ἐκείνου
607 1548 664 1633 τήν
688 1550 733 1625 εἰς
761 1545 903 1615 ἀκτιστον
923 1549 1103 1635 μεταβολήν
1122 1552 1179 1615 τοῦ
1200 1548 1263 1615 σοι’-
1277 1560 1396 1619 sessa.

87 1707 89 1736 :
128 1685 132 1694 ·
162 1671 264 1729 ματος
291 1641 624 1735 βεβλασφημήκεσαν,
659 1650 756 1737 τοάιῳ
786 1652 842 1716 καί
873 1649 968 1727 αάτδς
992 1658 1171 1737 συμφωνεῖ,
1193 1648 1213 1717 δ
1234 1654 1263 1717 δ’

87 1793 88 1796 ¹
163 1749 278 1814 ἐκεῖνοι
298 1749 396 1836 φάσιν
413 1748 514 1835 ἥκιστ’
535 1750 621 1833 ἔχειν
634 1745 717 1816 εἶναι
729 1752 890 1835 ἐνόμισαν,
912 1754 1003 1817 τοῦτο
1027 1753 1062 1835 δὲ
1083 1751 1264 1838 προσέθηκε

87 1911 88 1942 η
163 1851 324 1935 τολμήσας
339 1842 438 1929 οὗτος,
460 1850 495 1916 τά
518 1850 671 1938 δευτέραν
689 1852 811 1937 δηλαδή
832 1854 887 1917 καί
901 1851 1074 1939 ἀφειμένην
1095 1853 1156 1917 καί·
1172 1852 1264 1917 ἀνοδ-

118 1974 233 2028 15σιον
265 1952 320 2017 καί
349 1950 418 2035 άμα
450 1950 595 2018 ἀκτιστον
623 1952 759 2037 θεάτητα
792 1950 828 2017 τδ
863 1956 932 2040 φάς
964 1950 1120 2039 ὑπάρχειν
1155 1956 1265 2018 ε’κεῑνο.

163 2048 245 2116 ὥσθ’
270 2052 291 2115 ἀ
309 2054 369 2136 μὲν
387 2054 518 2130 ἐκείνοις
538 2061 727 2140 συμφωνεῖ,
755 2052 881 2129 πάντως
901 2054 1029 2119 ἐκείνων
1052 2052 1107 2117 οάκ
1133 2053 1297 2135 duoles-p

162 2175 272 2217 σεται·
330 2152 351 2217 ἀ
382 2156 410 2219 δ’
434 2155 547 2218 ἐκεῖνοι
574 2154 671 2239 μήπω
697 2155 797 2240 φάναι
824 2153 1063 2240 τετολμήκεσαν,
1085 2153 1207 2231 τούτοις
1230 2154 1264 2219 δὲ

161 2256 320 2338 νενίκηκεν
354 2254 467 2331 αάτοδς
493 2252 590 2319 εἰτιάν
624 2252 728 2331 αὖτίς.
781 2253 886 2339 ήδέως
917 2258 945 2320 δ’
976 2252 1013 2321 ἀν
1041 2258 1096 2321 καί
1128 2256 1262 2342 ἐρέσθαι

161 2354 337 2440 βουλοίμην
369 2352 464 2420 αὐτὸν
494 2357 524 2420 εἰ
553 2355 681 2421 δάναιτά
700 2380 748 2432 τις
776 2354 818 2420 τά
838 2359 901 2421 τοῖν
930 2357 1146 2438 εἰκονομάχων
1163 2358 1264 2441 τιμῶν

115 2452 208 2543 ww}
232 2446 317 2524 εἶναι
336 2456 556 2538 εἷκονομάχος·
601 2454 713 2538 δμοιον
732 2454 794 2542 γάρ
825 2453 863 2520 ἀν
885 2454 934 2542 εἴη
956 2454 1064 2542 ὥσπερ
1087 2452 1125 2521 ἀν
1148 2458 1177 2521 εἰ
1198 2468 1262 2519 τια-

163 2555 288 2640 ρελδάν
312 2557 476 2622 διετείνετά
496 2582 544 2634 τις
572 2556 776 2645 κιδαρηιδούς
807 2558 866 2641 μὲν
888 2551 978 2636 εἶναι,
1000 2558 1140 2645 κιθάραν
1162 2559 1192 2623 δ’
1214 2553 1261 2637 οὕ,

161 2656 219 2720 καί
248 2656 418 2743 οὐρανίους
444 2658 503 2741 μὲν
537 2657 692 2745 ἀστέρας,
724 2655 859 2744 οὗρανδν
889 2660 918 2722 δ’
940 2653 993 2738 οὔ,
1015 2659 1070 2724 καί
1090 2658 1184 2745 γήινα
1202 2658 1262 2741 μὲν

161 2756 358 2842 πράγματα,
386 2759 446 2842 γῆν
480 2760 510 2822 δ’
532 2757 671 2846 οάδαμή.
721 2759 757 2825 τί
774 2758 857 2846 φής,
884 2753 1055 2847 ἀνδρωτες
1091 2761 1181 2825 δυοῖν
1198 2755 1261 2844 γάρ

162 3060 267 3114 cuinam
285 3077 351 3114 reru
371 3062 488 3114 omnium
503 3061 618 3113 maxime
635 3061 734 3114 lavent.
770 3061 860 3114 omnia
883 3061 954 3114 enim
972 3076 1004 3114 ea
1026 3075 1093 3129 quae
1108 3059 1142 3113 ab
1161 3075 1194 3114 eo
1214 3059 1259 3114 di..

163 3141 207 3184 cta
221 3140 291 3198 sunt
311 3133 391 3200 plena
409 3132 549 3197 malornm,
567 3134 657 3184 omnia
675 3148 743 3201 quae
764 3133 798 3184 ab
817 3147 850 3184 eo
872 3133 980 3200 cognita
997 3140 1077 3196 sunt,
1095 3139 1199 3184 scatent
1217 3139 1262 3184 ta.

160 3203 262 3258 nebris.
298 3205 369 3273 quod
399 3219 465 3256 vcro
483 3212 584 3256 certum
611 3212 638 3255 et
655 3206 787 3256 incertum
807 3205 921 3267 attinet,
949 3211 1072 3256 neutrum
1091 3212 1165 3256 certe
1185 3204 1262 3272 qula.

87 3308 88 3311 =
161 3292 240 3345 quam
257 3276 381 3329 inveniet
398 3284 444 3327 ant
463 3277 592 3327 reiectum
611 3275 645 3326 ab
665 3291 697 3327 eo
713 3283 759 3326 aut
772 3275 805 3326 ad
823 3276 1039 3342 perspicuitatem
1061 3276 1189 3343 quandam
1208 3289 1262 3326 κο.

161 3357 260 3400 catum.
279 3349 371 3416 itaque
390 3362 490 3400 novum
511 3354 538 3398 et
556 3347 649 3398 mirum
667 3347 696 3398 in
714 3347 818 3398 modurn
844 3349 977 3415 ingenuus
995 3346 1045 3398 ille
1064 3361 1120 3400 rem
1139 3346 1261 3398 mutauit.

87 3446 88 3451 =
134 3478 136 3481 v
162 3419 234 3488 quod
259 3421 329 3471 enim
354 3419 490 3478 consentit
514 3435 573 3470 cum
599 3418 799 3482 iconomachis,
829 3419 967 3472 consociat
993 3417 1044 3470 sibi
1071 3432 1117 3468 eos
1137 3427 1164 3470 et
1182 3425 1260 3470 amat.

161 3490 233 3558 quod
253 3506 320 3542 vcro
341 3498 466 3555 veretur,
497 3506 532 3541 ne
550 3491 617 3556 ipsis
637 3489 812 3542 anathematis
838 3489 968 3540 obnoxius
988 3490 1049 3554 liat,
1068 3496 1171 3542 mutare
1189 3503 1261 3540 nou.

87 3590 88 3599 ι
161 3576 296 3628 nunquam
319 3563 434 3626 uidetur,
461 3563 584 3614 sednon
605 3561 638 3613 ad
661 3561 811 3625 meliorem,
832 3576 924 3612 verum
942 3561 975 3612 ad
994 3561 1101 3612 omnino
1120 3561 1261 3628 pessimam

87 3660 88 3671 ν
162 3632 354 3684 conditionem.
373 3634 444 3702 quod
463 3634 532 3684 enirn
551 3632 595 3683 illi
613 3633 647 3684 de
664 3632 727 3684 luce
746 3631 795 3684 illa
813 3633 895 3698 impie
920 3631 1088 3698 protulerunt
1105 3632 1133 3683 in
1152 3633 1261 3684 increa-

87 3736 88 3743 ο
160 3709 217 3754 tum
238 3711 413 3770 permutatum
433 3721 493 3756 esse
512 3719 618 3771 corpus,
638 3704 691 3756 hoc
713 3704 772 3770 ipso
798 3704 948 3767 consentit3
968 3703 1039 3770 quod
1058 3717 1124 3754 vero
1143 3703 1192 3755 ille
1209 3717 1262 3754 na-

93 3803 103 3815 ·
161 3782 248 3826 turam
267 3776 375 3827 minime
395 3776 537 3827 canentiam
557 3776 803 3842 habereputarunt:
822 3774 872 3826 ille
892 3774 945 3826 hoc
963 3775 1061 3826 addere
1081 3783 1191 3827 conatus
1211 3782 1264 3838 est,'

87 3864 88 3887 t
163 3853 191 3897 et
213 3845 360 3898 subiectam
379 3854 407 3899 et
426 3847 627 3898 inessentialem
648 3856 676 3898 et
688 3846 766 3898 simul
784 3848 930 3898 increatam
949 3847 1074 3898 deitatem
1095 3863 1155 3900 esre
1174 3847 1261 3898 lucem

161 3917 253 3983 illam,
272 3918 310 3969 ita
328 3927 358 3970 ut
384 3919 411 3968 in
430 3918 525 3985 quibus
549 3917 629 3970 rebus
648 3917 781 3980 cumillis
800 3919 949 3982 consentit,
967 3929 1023 3968 non
1041 3917 1208 3988 relinquatur
1229 3917 1263 3969 ab

163 3988 232 4041 illis.
269 4005 338 4057 quae
359 4003 425 4041 vero
444 3988 486 4040 illi
506 3989 622 4040 nondum
640 3989 763 4056 proferre
784 3989 873 4040 conati
894 3997 965 4055 sunt,
984 3990 1018 4040 iis
1038 3991 1174 4058 propalam
1196 4003 1264 4058 pro.

162 4061 361 4129 ponendiseos
377 4062 438 4128 ipse
461 4060 537 4111 uicit.
580 4059 705 4112 lubenter
730 4077 789 4112 eum
817 4075 950 4128 quaerere
975 4059 1090 4127 vellem,
1119 4061 1264 4128 numquis

162 4140 256 4200 posset
274 4133 302 4183 in
321 4132 467 4200 probandis⁸
481 4132 715 4194 iconomachorum
737 4133 878 4185 sententiis
896 4147 950 4186 non
982 4147 1042 4184 csse
1063 4132 1262 4186 iconomachos.

164 4204 253 4258 simile
272 4205 342 4256 enim
369 4220 429 4257 esse
447 4202 674 4273 ⁸quemadmodum
705 4205 807 4272 siquis
832 4205 999 4270 praeteriens
1027 4207 1202 4272 contenderet
1220 4203 1262 4252 ci..

164 4277 310 4339 tharoedos
329 4293 406 4347 esse,
432 4289 488 4329 non
507 4276 646 4330 citharam:
674 4277 763 4333 sidera
781 4273 887 4350 quidem
906 4273 1262 4348 coelestia,nonooeluu1‚
