3184 5100
327 413 398 488 ma
623 411 850 483 uscmuom
884 373 1116 476 σττσοιιιτ

322 579 421 673 φυλή,
434 578 471 647 τό
486 579 600 645 δοκοῦν
621 575 695 660 περὶ
715 565 759 640 ὧν
780 566 820 640 δν
834 570 978 657 όροίμην,
1000 565 1170 651 ἀπόκριναι
1185 566 1226 636 osi
1241 564 1323 651 πρός
1336 568 1429 633 θεοῦ.
1516 632 1517 663 ,

322 687 391 752 εἰπὲ
413 684 479 757 πῶς
499 684 619 744 πολλῶν
637 677 693 742 καί
710 678 919 742 παντοδαπόν
940 674 1008 738 κατ’
1032 663 1138 736 ἄλλοτ’
1159 664 1275 744 ἄλλους
1294 665 1430 751 κοιρυός

324 784 530 868 ἁμαρτόντων
549 779 715 866 ἀρχόντων
732 776 787 843 καὶ
809 773 983 861 ἡγεμόνιον,
1007 772 1047 838 ori
1062 772 1201 838 τοσαῦτα
1216 773 1272 836 καί
1290 766 1324 834 τό
1341 763 1430 852 δαή-

323 909 395 952 κοον
418 880 476 950 dau
498 888 554 948 νόν
576 884 767 959 πεπονθέναι
788 881 1011 958 συμπέπτωκε,
1034 867 1134 958 μικροὶ
1157 874 1189 937 δ’
1203 863 1259 936 οόν
1281 861 1300 955 ή
1323 872 1428 936 οὐδέν.

243 1059 255 1076 ⁶
321 986 430 1053 ἔπειτα
450 989 517 1060 πῶς
536 987 597 1049 τεόν
620 982 786 1066 ἀρχόντων
809 981 936 1067 ἐξουσίᾳ
957 976 995 1041 τὰ
1011 981 1160 1061 χείριστα
1181 973 1339 1054 δρώντων,
1363 973 1455 1036 ori-5

321 1092 384 1154 τεόν
404 1089 463 1170 μὲν
491 1093 555 1161 τοῖς
580 1086 720 1150 πλείοσιν
741 1078 855 1168 ἥκιστα
874 1079 1010 1162 πάσχειν
1030 1078 1221 1159 συμβαίνει,
1244 1072 1373 1160 σφόδρα
1394 1076 1427 1138 δ’

322 1181 380 1254 οόν
398 1197 463 1264 τοϊς
481 1187 650 1272 όπηκόοις,
683 1187 736 1250 καί
758 1183 854 1248 ταῦθ’
881 1181 924 1258 εἷς
946 1179 985 1246 τό
1011 1176 1112 1244 πολλὰ
1142 1186 1207 1251 τοῖς
1231 1180 1350 1244 πλείοσι
1369 1174 1449 1260 τήν.
1516 1152 1518 1303 ή

321 1295 385 1356 τῶν
399 1283 562 1371 δρχόντιον
576 1285 702 1352 ἐκείνων
717 1288 974 1370 pantomimum
987 1285 1046 1365 μὲν
1063 1278 1185 1360 κακίαν,
1201 1274 1255 1343 διό
1272 1279 1307 1344 δὲ
1322 1277 1426 1364 φόβον
1516 1310 1517 1395 p

202 1459 206 1464 .
322 1393 492 1478 φρόττουσί
509 1412 543 1452 τε
565 1390 621 1452 καί
641 1387 896 1467 καταδυομένοις.

256 1500 313 1555 8⁸
422 1493 557 1565 Καί·τίς
580 1493 659 1554 θεοῦ
683 1491 823 1571 κρίματα
845 1485 965 1552 δύναιτ’
986 1475 1026 1549 όν
1047 1485 1188 1567 ἐρευνᾶν,
1208 1479 1473 1566 Ἀγοδόχχελείθ
1516 1512 1517 1581 p

323 1597 478 1682 φίλτατε,
499 1593 530 1656 εἰ
550 1595 609 1673 μὲν
623 1589 683 1674 χεὶρ
707 1589 856 1672 ἀλλήλοις
876 1581 916 1670 ήν
934 1583 1082 1669 α’λλήλων
1101 1584 1256 1669 γνώριμα,
1278 1587 1333 1648 καί
1347 1587 1427 1648 πᾶσι
1516 1588 1517 1635 i

322 1694 445 1760 πόντων
465 1691 552 1774 ἴσως,
575 1689 677 1756 όπόσα
702 1698 827 1773 ψυχαῖς
849 1688 1010 1774 ἀπόρρητα
1034 1684 1262 1766 potaminae,
1285 1680 1369 1766 εἶχεν
1387 1679 1428 1750 όν

324 1792 410 1869 ὅπως
436 1795 511 1858 sord
532 1817 579 1868 τις
611 1795 683 1873 μεθ’
706 1786 981 1875 όποιαοδηποτοόν
1011 1792 1068 1873 τῆς
1096 1782 1222 1871 χνιόμης
1243 1785 1281 1850 τό
1303 1782 1427 1874 ὲκόοτρι

322 1893 472 1979 γινόμενα
496 1891 589 1968 εἰδιός
610 1891 829 1976 α’καπήλευτον
847 1893 994 1976 ἐκφέρειν
1015 1893 1144 1973 arpinis.¹
1174 1891 1230 1954 νῦν
1249 1889 1278 1953 δ’
1300 1875 1427 1971 όριόμεν

324 1993 368 2072 ιός
390 1999 457 2062 oo’d’
480 1996 576 2071 αότός
598 2019 647 2070 τις
665 1999 796 2068 ἕκαστος
826 1995 946 2057 δόναιτῖ
967 1984 1007 2057 όν
1036 1986 1139 2080 ἑωυτῷ
1158 1994 1297 2072 συνορᾶν
1320 1989 1427 2071 ἆμαρ·
1439 2009 1474 2062 15

323 2099 460 2180 τόνοντι,
486 2093 535 2163 ότι
559 2122 594 2162 τε
615 2093 912 2180 μόλισταπόυτων
941 2093 1015 2178 περὶ
1043 2090 1158 2159 ἑαυτόν
1189 2090 1429 2178 ε’κτετόφλωται

321 2193 461 2281 μάλιστα
491 2198 616 2264 πόντων
646 2196 749 2285 ἑαυτῷ
781 2192 991 2284 φιλούμενον,
1015 2200 1069 2262 καί
1084 2191 1136 2260 ὅδ’
1157 2189 1271 2279 ήκιστα
1290 2189 1375 2258 οἶδεν
1396 2194 1429 2258 ει’

321 2301 378 2366 τοῦ
401 2297 517 2383 χρόνου
542 2301 670 2386 ῥέοντος
692 2299 825 2383 ἡκακία
846 2303 938 2363 ποσίν
963 2299 1091 2382 ἀδήλοις
1115 2297 1339 2380 ε’πιδραμοόσα
1366 2296 1429 2357 δο-
1516 2308 1517 2315 ’

322 2399 474 2485 πονήσει,
496 2401 602 2484 κόβων
624 2403 712 2483 δίκην
740 2405 919 2484 parabside
942 2397 1068 2465 οόνεοιν
1090 2399 1195 2486 αὐτῷ,
1218 2399 1272 2460 καί
1291 2391 1429 2462 ποόνοι-

322 2508 390 2569 τίον
411 2496 509 2577 αὖθις
531 2497 585 2586 ήχε
603 2501 642 2590 τῇ
656 2504 749 2591 ’κοκίηι
760 2505 927 2588 μαχομένη
941 2501 1040 2588 φόσις
1056 2497 1210 2584 tripodas).
1232 2499 1262 2564 εἰ
1282 2499 1317 2564 δὲ
1336 2500 1475 2565 τοῦθ”νὶθ

323 2601 426 2683 οὕτω,
455 2606 576 2669 πολλοῦ
603 2607 688 2684 μέντ’
721 2598 762 2669 όν
793 2605 916 2689 δεήσειε
945 2603 983 2669 τό
1016 2599 1132 2687 ἑτέρων
1162 2599 1288 2685 ἓτόρους
1309 2600 1442 2690 εἰδέναι
1516 2653 1517 2660 ,

322 2708 406 2771 ποτέ.
449 2706 514 2794 θεῷ
535 2705 594 2789 γὰρ
618 2701 704 2793 μόνῳ
727 2708 814 2771 τοῦτ’
838 2706 990 2791 α’πρόῖτον
1011 2701 1186 2789 τετήρηταί
1202 2726 1238 2787 γε
1259 2704 1314 2766 κατ’
1334 2723 1430 2767 τετυ·
1516 2723 1518 2804 ρ

1516 2841 1517 2934 i

322 2968 483 3023 sententiam
502 2969 536 3022 de
557 2982 600 3034 eo,
615 2970 837 3039 qnodrogaturas
850 2971 909 3036 sim,
928 2984 978 3038 per
986 2970 1065 3023 deum
1074 2967 1141 3021 mibi
1160 2980 1299 3035 expromas
1316 2981 1428 3035 quaeso.
1516 2971 1517 3008 i

324 3041 367 3093 dic
387 3039 462 3104 mibi,
484 3040 603 3109 quibat,
622 3049 661 3105 ut,
682 3058 761 3110 quam
780 3043 918 3110 principes
936 3050 1017 3110 atquc
1035 3042 1117 3093 duces
1135 3039 1211 3091 multi
1235 3046 1262 3091 et
1282 3039 1361 3104 varii,
1379 3039 1430 3092 aiii
1516 3051 1517 3088 3

324 3111 386 3163 aliis
405 3112 570 3179 temporibus
589 3112 694 3165 scelera
714 3115 907 3177 commiserint,
935 3128 1026 3165 eorum
1046 3112 1161 3165 subiecti
1178 3126 1233 3163 non
1251 3111 1330 3163 tantis
1349 3110 1428 3163 maiis
1516 3125 1517 3140 ¹

323 3198 439 3251 unquam
457 3184 546 3235 adecti
566 3186 637 3249 sint,
667 3186 773 3253 quantis
797 3201 869 3237 nnnc
886 3185 1057 3249 insidiantum·
1080 3183 1127 3237 sed
1146 3184 1237 3251 parvis
1262 3180 1307 3233 vel
1326 3182 1427 3244 nuilis3
1516 3179 1517 3240 J

324 3255 420 3309 deinde
449 3256 491 3307 dic
519 3254 601 3319 mibi,
627 3257 673 3323 qui
692 3256 755 3320 bat,
776 3264 806 3308 ut
823 3258 977 3323 principes,
997 3271 1152 3325 quamquam
1170 3254 1287 3321 pessima
1306 3252 1428 3305 facinora
1516 3247 1517 3264 ¹

323 3334 494 3393 perpetrant,
520 3328 572 3393 ipsi
599 3325 757 3394 plerumque
781 3329 903 3381 minimas
927 3328 1017 3380 clades
1037 3327 1164 3390 subeant,
1192 3326 1319 3376 maximas
1337 3332 1427 3377 autem

324 3412 415 3451 eorum
435 3396 543 3461 subditi,
564 3398 685 3464 quamvis
705 3413 796 3450 eorum
814 3401 898 3450 maior
912 3414 974 3466 pars
992 3398 1187 3465 improbitatem
1206 3397 1356 3463 principum
1375 3396 1426 3449 ab.

323 3470 464 3533 ominetur,
484 3469 580 3521 timore
599 3477 686 3521 autem
707 3468 851 3521 cohorreat
875 3478 956 3539 atque
977 3470 1034 3523 illis
1054 3468 1153 3523 cedat?

425 3557 518 3623 „Quin
538 3555 712 3609 dilectissime
730 3557 930 3627 Agatbpngele‚
955 3560 1052 3611 indicia
1070 3558 1113 3609 dei
1133 3557 1219 3624 possit
1235 3555 1384 3626 indagare?
1402 3558 1427 3610 si

324 3629 394 3679 enim
412 3629 482 3681 alter
501 3628 613 3681 alterius
633 3636 659 3679 et
678 3643 770 3681 omnes
790 3632 891 3696 pariter
910 3631 1025 3681 omnium
1050 3644 1147 3681 arcana
1162 3627 1287 3692 consilia,
1307 3643 1377 3696 quaa
1397 3630 1426 3679 in
1516 3655 1517 3660 =

323 3700 417 3752 animis
436 3708 618 3765 reservantur,
640 3700 747 3769 cognita
766 3700 905 3765 baberent,
925 3718 983 3752 cum
997 3702 1102 3755 ratione
1119 3701 1230 3768 quadam
1243 3700 1341 3767 aliquis
1360 3702 1426 3766 uni·
1516 3749 1517 3764 1

322 3771 486 3838 usouiusque
511 3773 644 3823 actionum
670 3773 771 3839 peritus
798 3773 826 3823 in
858 3782 1010 3840 corruptum
1039 3773 1165 3825 iudicium
1198 3771 1290 3822 iacere
1321 3780 1425 3837 posset.

322 3856 394 3892 nunc
412 3850 501 3893 autom
519 3844 650 3908 videmus,
672 3858 726 3895 non
745 3858 793 3895 sua
811 3860 944 3913 quemquo
970 3846 1054 3912 ipsius
1075 3850 1185 3911 peccata
1204 3857 1285 3909 posse
1304 3857 1425 3910 cognos-
1459 3879 1467 3887 1

324 3926 386 3963 cere
411 3920 555 3979 propterea
580 3916 650 3981 quod
672 3916 704 3966 de
730 3930 759 3967 se
787 3917 900 3983 quisque
920 3916 954 3967 ob
977 3918 1087 3968 nimium
1112 3916 1154 3966 sui
1176 3929 1292 3965 amorem
1310 3914 1425 3965 maximo

324 3991 482 4034 occaecatus
501 3991 541 4034 cst
559 3999 648 4051 nequa
667 3988 727 4051 scit,
747 4003 810 4039 num
825 3987 895 4038 iorte
908 3987 1016 4039 labente
1035 3996 1157 4053 tempora
1176 3986 1332 4053 improbitas
1354 3986 1424 4051 pede

323 4054 437 4105 obscuro
457 4068 585 4123 aggressa
602 4058 678 4125 quasi
697 4066 814 4110 tesseras
832 4059 912 4109 animi
927 4060 1092 4127 prudentiam
1109 4066 1239 4110 mutatura
1254 4065 1281 4109 et
1295 4057 1424 4124 absump.

322 4132 382 4177 tura
401 4126 453 4189 sit,
474 4126 580 4177 bonitas
600 4143 666 4181 vero
691 4130 853 4197 improbitati
877 4146 1033 4199 repugnans
1058 4146 1092 4181 ex
1111 4131 1246 4181 contrario
1264 4144 1356 4181 rursus
1375 4131 1421 4181 in.
1516 4189 1517 4206 η

322 4210 431 4248 cessura
451 4198 494 4249 sit.
541 4198 564 4249 si
588 4199 639 4251 hoe
665 4202 702 4251 ita
721 4210 771 4264 est,
792 4202 902 4254 multum
920 4203 1015 4265 aberit,
1039 4209 1069 4255 ut
1093 4200 1206 4252 alterum
1225 4201 1294 4252 altor
1311 4202 1423 4267 perspi.
1516 4221 1517 4238 2

263 4290 267 4299 ·
322 4268 386 4320 ciat.
422 4268 474 4319 deo
492 4269 563 4323 enim
582 4270 634 4323 soli
657 4272 707 4323 boo
732 4273 898 4325 inaccessum
926 4281 1049 4325 servatur
1072 4279 1153 4340 atquo
1170 4274 1283 4341 regitur,
1303 4274 1349 4341 qui
1368 4272 1422 4323 bo.

322 4340 419 4392 minam
437 4334 507 4399 besa
528 4337 670 4395 facientem
689 4342 770 4395 vitam
799 4353 919 4397 acturum
939 4343 1146 4413 placidissimam
1163 4359 1257 4411 pacem
1276 4346 1422 4412 spirantem
1516 4337 1517 4386 ἰ
