3184 5100
336 401 408 482 tot
647 412 871 483 urcsruonr
902 412 1133 480 bauconus

331 578 391 657 pls
412 577 516 658 η’ρέμα
539 578 593 640 καί
607 578 730 662 σπουδῇ
752 581 963 660 περαίνοντες,
980 574 1038 657 τήν
1051 578 1087 640 δέ
1102 598 1137 658 γε
1151 572 1207 659 ῆς
1221 577 1299 660 έμής
1321 570 1440 639 δπιόν-

332 700 383 752 τες
406 669 507 752 άλλως
529 673 655 765 μητρός
684 671 905 759 ἁπλουστέραν
934 675 1117 757 εὐμένειαν,
1146 674 1282 762 άφάλων
1310 679 1437 756 πετραῖα

333 777 463 865 ον’δαμῇ
486 805 534 842 πω
555 775 725 861 μαθαόσης
746 776 974 857 συμπτώματα,
993 776 1048 841 καί
1060 778 1174 852 δόλους
1194 779 1255 859 μὲν
1277 775 1361 862 orricii
1382 779 1440 840 καί

246 927 250 933 .
332 879 505 962 προδοσίας
531 875 698 964 ῥάπτοντες
720 877 842 961 ἡμέρας
863 877 917 940 καί
935 877 1052 961 νυκτός,
1073 883 1184 961 φιλίας
1204 880 1233 940 δ’
1256 871 1300 940 αδ
1314 873 1439 959 ἑτέρω-

331 986 389 1044 θεν
412 974 586 1055 δεικνόντες
605 980 782 1063 πρόσωπον,
805 975 921 1042 ἔλαθον
936 981 1082 1066 α’ψοφητί
1101 983 1146 1068 τιή
1168 981 1232 1043 ταῖν
1255 975 1463 1055 διωκόντων5

332 1079 565 1163 προδεδωκότες
587 1082 692 1166 βυθῷ,
718 1082 842 1166 λῃστῶν
865 1079 1052 1162 α’δικτότεροι
1075 1080 1200 1145 πάντων
1221 1089 1284 1155 τοῖς
1305 1081 1438 1164 εόεργέ-

211 1195 218 1206 “
266 1174 403 1258 strate
428 1185 580 1266 φανέντες
600 1181 686 1263 ἡμῖν.
730 1179 767 1246 τά
794 1183 829 1244 δέ
852 1181 986 1245 τοιαῦτα
1002 1183 1057 1264 τής
1078 1177 1262 1264 άπορρήτου
1283 1185 1437 1263 προνοίας

331 1282 470 1362 κρίματα
491 1285 640 1363 έρευνῖιν,
681 1277 766 1356 ὅπως
800 1278 830 1345 οῖ
856 1281 895 1345 τά
930 1284 1038 1346 δίκαια
1063 1284 1230 1366 ζητοῦντες
1257 1281 1350 1366 ἡμεῖς
1368 1291 1436 1356 τοῖς

332 1383 452 1458 α’δίκοις
481 1381 543 1446 ὑπὸ
568 1385 629 1448 τῶν
653 1386 771 1447 α’δίκων
793 1385 837 1445 δι’
866 1380 958 1464 ’έτερα
982 1383 1208 1466 προδεδόμεθα
1235 1386 1292 1446 νῦν
1314 1381 1436 1447 οὖτωσί

332 1481 597 1566 πλημμελήματα,
620 1480 680 1566 έγιό
708 1487 768 1564 μέν
798 1483 856 1546 oda
875 1476 913 1546 άν
937 1482 1111 1566 δυναίμην·
1162 1480 1263 1562 ἔξεστι
1285 1482 1348 1565 γάρ
1368 1491 1434 1556 τοῖς
1445 1497 1479 1550 10

261 1615 274 1626 ·
331 1585 466 1656 α’παθιός
491 1587 639 1648 ἐθέλουσι
670 1589 798 1664 βλέπειν
826 1581 866 1648 τά
888 1581 944 1648 ἴσα
971 1581 1060 1668 παρά
1091 1582 1145 1648 τόν
1165 1587 1235 1664 βίον
1255 1584 1308 1647 αἐί
1326 1581 1435 1666 γιγνό-

330 1707 412 1764 μενα
444 1687 504 1764 μὲν
532 1689 749 1769 κεκρυμμένην
775 1688 805 1749 δ’
833 1683 948 1767 ἔχοντα
975 1682 1034 1768 τήν
1062 1687 1119 1766 τής
1142 1683 1296 1768 ἀληθείας
1327 1685 1434 1778 αι’τίρν

331 1783 374 1860 τός
394 1784 431 1849 τά
456 1784 569 1848 πολλά.
620 1788 735 1866 λεγέτω
758 1787 786 1849 δ’
813 1779 871 1850 oria
893 1779 978 1867 ὅμως
999 1787 1053 1848 καί
1084 1785 1100 1848 o‘
1124 1785 1286 1871 προφήτης
1305 1788 1432 1862 ἐκεῖνος,

269 1901 273 1908 ’
325 1885 400 1950 αένα
423 1884 455 1949 τί
475 1883 548 1958 ὁδός
582 1884 707 1965 corpor
729 1887 916 1950 είοδοῦται”
946 1888 1031 1966 βοάν
1063 1888 1098 1949 έκ
1118 1887 1219 1965 μέσης
1239 1888 1294 1948 καί
1316 1891 1434 1970 φλεγο-

329 1991 430 2078 μένης
448 1989 582 2067 ψυχῆς·
636 1989 749 2068 λεγέτω
773 1989 802 2050 δ’
826 1981 897 2068 έξής
919 1987 979 2050 καί
1006 1985 1025 2067 ή
1047 1984 1168 2068 μεγάλη
1189 1987 1244 2068 τής
1266 1985 1433 2064 ειίσεβείας
1444 1995 1478 2049 15

212 2093 216 2098 ’
330 2087 447 2170 ἐκείνης
469 2084 611 2168 σάλπιγξ,
632 2087 683 2149 ἵνα
707 2086 750 2170 μή
774 2096 841 2163 τοῖς
865 2089 1000 2151 ἐκδικεῖν
1020 2087 1170 2150 ἐθέλουσι
1195 2085 1234 2148 τά
1254 2083 1299 2167 μή
1323 2087 1433 2149 δίκαια

330 2186 491 2270 πρόφασις
518 2184 555 2248 τά
586 2190 718 2250 τοιαῦτα
740 2190 851 2265 κακίας
881 2181 914 2275 ᾗ.
953 2186 1225 2269 “aequaturum''
1255 2184 1316 2268 γάρ
1351 2210 1433 2269 φησι

325 2284 402 2348 “uui
422 2285 539 2349 δίκαιοι
558 2281 707 2362 πολλάκις
729 2290 774 2363 είς
804 2298 917 2372 χεῖρας
940 2287 1074 2369 α’σεβάν,
1099 2287 1160 2369 οίχ
1182 2286 1221 2350 ἵν’
1236 2290 1364 2356 έκεῖνοι
1387 2312 1433 2350 τι·
1508 2282 1509 2351 l

251 2373 253 2388 ¹
330 2389 494 2468 μηθιόοιν,
528 2387 598 2449 ἀλλ’
627 2389 667 2450 ἵν’
694 2378 781 2452 οὗτοι
806 2391 1046 2468 δοκιμασθῶσι·
1103 2392 1159 2452 καί
1179 2393 1297 2474 φαῦλοι
1317 2391 1377 2467 μέν
1399 2389 1434 2454 έν

330 2487 608 2576 θανάτῳέξαισίῳ
630 2484 708 2553 κατά
732 2487 766 2553 τό
790 2494 1018 2574 γεγραμμένον,
1039 2495 1272 2575 καταγελῶνται
1294 2492 1325 2553 δ’
1346 2485 1477 2574 δμωςηρ

329 2584 363 2651 τό
387 2588 491 2670 παρόν
513 2591 664 2672 ειίσεβεῖς,
688 2588 747 2665 ἓως
769 2590 790 2673 ή
809 2588 986 2677 χρηστότης
1006 2597 1063 2657 τοῦ
1083 2596 1163 2657 θεοῦ
1182 2594 1356 2676 κρύπτεται
1377 2596 1435 2675 καί

329 2683 367 2751 τά
389 2688 510 2771 μεγάλα
532 2701 659 2771 ταμιεῖα
676 2698 738 2755 τοῖν
760 2686 893 2776 ὕστερον
915 2688 1075 2779 ἑκατέροις
1091 2697 1317 2773 α’ποεειμένων,
1340 2692 1432 2776 ήνίιια
1507 2757 1508 2766 ,

278 2852 280 2855 .
329 2782 421 2871 λόγος
444 2792 500 2853 καί
521 2794 634 2873 πρᾶξις
656 2790 710 2856 καί
725 2788 885 2879 διανόημα
902 2802 969 2869 τοῖς
990 2797 1125 2871 δικαιόις
1147 2796 1204 2860 τοῦ
1224 2796 1305 2859 θεοῦ
1325 2797 1432 2859 σταθ-

330 3094 426 3153 leriter
445 3099 611 3168 elicuerunt,
637 3114 664 3158 et
682 3104 735 3158 ulia
754 3106 800 3160 via
824 3108 957 3161 sinceram
975 3116 1090 3161 mentem
1110 3107 1200 3161 matris
1218 3122 1295 3160 meae
1311 3105 1431 3176 decepe.

330 3178 393 3223 ruut
415 3186 483 3239 quae
508 3175 635 3241 scopulos
660 3176 688 3229 in
716 3181 780 3230 mari
800 3178 916 3231 latentes
941 3181 1095 3249 neutiquam
1115 3186 1239 3232 noverat.
1263 3176 1341 3231 dolos
1361 3182 1432 3231 enirn

333 3250 360 3292 et
385 3243 562 3309 proditionem
590 3248 615 3298 ei
643 3256 725 3301 noctu
749 3251 849 3319 diuque
868 3250 955 3303 moliti
981 3262 1075 3305 contra
1098 3253 1232 3303 amicitiae
1259 3249 1363 3303 uultum
1381 3266 1432 3302 co.

330 3326 386 3364 ram
412 3314 570 3369 exhibentes
602 3322 787 3387 necopinatam
822 3337 879 3373 eam
908 3332 1110 3390 persecutorum
1135 3323 1229 3375 turbae
1256 3323 1431 3374 tradiderunt.

332 3400 414 3453 quare
432 3387 510 3438 nobis
529 3396 623 3454 utpote
637 3393 683 3459 qui
699 3392 831 3445 beneficia
848 3394 876 3445 in
891 3409 938 3447 eos
957 3395 1162 3460 contulissemus
1181 3395 1352 3446 insidiatores
1372 3402 1432 3444 tur.

329 3455 433 3521 pissimi
453 3458 506 3509 visi
526 3467 595 3511 sunt.
642 3463 690 3515 sed
718 3465 848 3532 equidem,
866 3465 913 3518 bas
939 3467 1126 3535 providentiae
1154 3482 1222 3533 quae
1241 3464 1432 3532 comprehendi

328 3538 384 3577 non
404 3536 493 3594 potest
513 3532 632 3601 rationes
652 3535 818 3604 investigare
837 3552 950 3591 curuos
970 3541 1016 3607 qui
1034 3539 1105 3590 iusta
1123 3553 1295 3605 sequeremur
1314 3544 1367 3587 tarn
1385 3537 1431 3586 in.

326 3598 396 3680 lusto
416 3600 449 3651 ab
468 3600 595 3668 improbis
627 3607 717 3658 traditi
740 3610 837 3672 simus,
856 3624 972 3678 nequeo.
1016 3618 1104 3662 tamen
1129 3610 1175 3677 qui
1201 3608 1368 3661 considerate
1386 3622 1430 3659 res

326 3671 462 3735 suspicere
487 3675 597 3738 volunt,
624 3693 655 3729 ea
684 3694 752 3746 quae
778 3694 827 3746 per
848 3694 952 3733 omnem
970 3682 1052 3734 uitam
1077 3683 1147 3733 iusta
1171 3681 1296 3732 videntur
1315 3679 1430 3732 veritate

324 3741 375 3822 niti
407 3758 475 3810 quae
503 3754 532 3797 ut
559 3746 612 3797 alia
640 3749 722 3802 multa
743 3749 901 3820 plerumque
919 3768 969 3805 uos
994 3753 1093 3818 lateat,
1118 3753 1266 3805 invenient.
1305 3750 1430 3818 loquatur

325 3817 409 3878 igitur
427 3816 573 3882 propheta:
594 3827 658 3871 “cur
677 3823 817 3888 impiorum
831 3824 892 3875 viae
911 3825 1008 3892 planae
1026 3824 1126 3877 sunt‘l”
1148 3824 1263 3875 clamans
1284 3838 1318 3874 ex
1336 3823 1429 3873 intimo

326 3883 458 3967 etuplenq
487 3896 606 3953 pectore.
643 3892 723 3944 tollat
754 3909 861 3962 quoque
891 3912 986 3948 vocem
1011 3912 1120 3965 gravem
1146 3911 1219 3947 suam
1244 3896 1330 3962 pietas
1349 3894 1429 3945 utiis

326 3968 370 4036 qur
390 3968 485 4039 punire
504 3959 590 4011 velint
618 3964 716 4015 iniusta
742 3965 808 4016 haec
835 3982 870 4017 ne
898 3969 951 4019 sint
975 3984 1055 4020 causa
1080 3968 1229 4036 pravitatis.
1267 3967 1429 4018 “traduntur

325 4027 413 4075 τουτί’
434 4027 507 4094 dreit,
528 4032 627 4082 “etiam
641 4037 678 4101 pii
690 4052 771 4105 saepe
784 4038 904 4091 manibus
918 4040 1057 4105 impiorum
1071 4055 1125 4091 nnn
1139 4052 1190 4107 quo
1208 4038 1235 4089 hi
1254 4039 1429 4090 aestimentur
1503 4045 1504 4048 ’

324 4096 371 4149 sed
391 4112 444 4164 quo
458 4101 499 4151 illi
519 4102 674 4168 probentur.
711 4109 785 4175 impii
806 4110 874 4160 enirn
894 4119 923 4161 ut
939 4113 1129 4177 scriptumest,
1149 4118 1211 4177 post
1228 4114 1428 4175 mortempoe.

323 4180 375 4250 uas
395 4170 511 4223 solvent.
549 4175 587 4241 pii
607 4186 695 4229 autem
714 4180 741 4230 iu
761 4182 817 4231 vita
842 4181 988 4233 illudentur
1007 4184 1094 4250 quoad
1119 4184 1163 4234 dei
1181 4182 1283 4233 iustitia
1302 4182 1426 4248 patiatur.
1503 4209 1504 4224 ι

324 4246 444 4311 utrisque
464 4252 526 4311 post
544 4247 623 4299 vitam
643 4249 748 4317 amplae
766 4260 795 4303 ut
814 4253 905 4304 dicunt
923 4252 1011 4304 cellae
1033 4254 1061 4303 in
1081 4255 1177 4323 quibus
1197 4253 1318 4305 facinora
1335 4259 1428 4304 nostra
1503 4259 1504 4272 ¹

322 4318 541 4373 reconditarum
565 4322 734 4391 aperientur,
760 4332 787 4379 et
811 4324 909 4392 rerba,
929 4324 1067 4393 facinora,
1087 4326 1202 4381 consilia
1229 4323 1380 4402 aequaliter
1397 4325 1427 4379 in
