<?xml version="1.0" encoding="UTF-8"?>
<!DOCTYPE html PUBLIC "-//W3C//DTD XHTML 1.0 Transitional//EN"
    "http://www.w3.org/TR/xhtml1/DTD/xhtml1-transitional.dtd">
<html xmlns="http://www.w3.org/1999/xhtml" xml:lang="en" lang="en">
 <head>
  <title>
</title>
<meta http-equiv="Content-Type" content="text/html;charset=utf-8" />
  <meta name='ocr-system' content='tesseract 3.04.00' />
  <meta name='ocr-capabilities' content='ocr_page ocr_carea ocr_par ocr_line ocrx_word'/>
</head>
<body>
  <div class='ocr_page' id='page_1' title='image "./nicephorigregor04schogoog_0387.png"; bbox 0 0 3184 5100; ppageno 0'>
   <div class='ocr_carea' id='block_1_1' title="bbox 210 400 1104 475">
    <p class='ocr_par' dir='ltr' id='par_1_1' title="bbox 210 400 1104 475">
     <span class='ocr_line' id='line_1_1' title="bbox 210 400 1104 475; baseline 0 -4"><span class='ocrx_word' id='word_1_1' title='bbox 210 450 222 471; x_wconf 78' lang='grc'><strong><em>,</em></strong></span> <span class='ocrx_word' id='word_1_2' title='bbox 311 400 399 475; x_wconf 81' lang='grc'><strong>376’</strong></span> <span class='ocrx_word' id='word_1_3' title='bbox 617 404 843 475; x_wconf 80' lang='lat' dir='ltr'><strong>NlGEPHORl</strong></span> <span class='ocrx_word' id='word_1_4' title='bbox 874 406 1104 473; x_wconf 77' lang='lat' dir='ltr'>GREGORAE</span> 
     </span>
    </p>
   </div>
   <div class='ocr_carea' id='block_1_2' title="bbox 192 558 1516 2581">
    <p class='ocr_par' dir='ltr' id='par_1_2' title="bbox 201 558 1512 1469">
     <span class='ocr_line' id='line_1_2' title="bbox 201 558 1418 658; baseline -0.002 -25"><span class='ocrx_word' id='word_1_5' title='bbox 201 574 212 611; x_wconf 63' lang='lat' dir='ltr'><strong>i</strong></span> <span class='ocrx_word' id='word_1_6' title='bbox 310 591 364 633; x_wconf 89' lang='grc' dir='ltr'><strong>ται</strong></span> <span class='ocrx_word' id='word_1_7' title='bbox 386 572 567 652; x_wconf 74' lang='grc' dir='ltr'><strong><em>συμμαχῶν</em></strong></span> <span class='ocrx_word' id='word_1_8' title='bbox 593 558 667 650; x_wconf 88' lang='grc' dir='ltr'><strong><em>όεί,</em></strong></span> <span class='ocrx_word' id='word_1_9' title='bbox 695 564 807 632; x_wconf 80' lang='grc' dir='ltr'><strong><em>ἔπειτα</em></strong></span> <span class='ocrx_word' id='word_1_10' title='bbox 826 566 881 633; x_wconf 82' lang='grc' dir='ltr'><strong>καί</strong></span> <span class='ocrx_word' id='word_1_11' title='bbox 901 570 1088 658; x_wconf 71' lang='grc' dir='ltr'><strong><em>μεγαλονοίᾳ</em></strong></span> <span class='ocrx_word' id='word_1_12' title='bbox 1115 573 1154 657; x_wconf 77' lang='grc' dir='ltr'><strong><em>τῇ</em></strong></span> <span class='ocrx_word' id='word_1_13' title='bbox 1175 573 1215 655; x_wconf 74' lang='grc' dir='ltr'><strong>σῇ</strong></span> <span class='ocrx_word' id='word_1_14' title='bbox 1237 570 1418 653; x_wconf 77' lang='grc' dir='ltr'><strong><em>εδφυαῖςτε</em></strong></span> 
     </span>
     <span class='ocr_line' id='line_1_3' title="bbox 280 663 1512 760; baseline 0 -28"><span class='ocrx_word' id='word_1_15' title='bbox 280 726 283 732; x_wconf 93' lang='grc'><em>.</em></span> <span class='ocrx_word' id='word_1_16' title='bbox 312 668 534 760; x_wconf 79' lang='grc' dir='ltr'><strong><em>όναλεξαμένιγ</em></strong></span> <span class='ocrx_word' id='word_1_17' title='bbox 556 670 594 735; x_wconf 81' lang='grc' dir='ltr'><strong><em>τό</em></strong></span> <span class='ocrx_word' id='word_1_18' title='bbox 617 672 852 755; x_wconf 82' lang='grc' dir='ltr'><strong><em>χρειωδέοτερα</em></strong></span> <span class='ocrx_word' id='word_1_19' title='bbox 868 674 932 733; x_wconf 77' lang='grc' dir='ltr'><strong>τῶν</strong></span> <span class='ocrx_word' id='word_1_20' title='bbox 946 672 1053 759; x_wconf 77' lang='grc' dir='ltr'><strong><em>ἐκείνῳ</em></strong></span> <span class='ocrx_word' id='word_1_21' title='bbox 1069 672 1247 752; x_wconf 74' lang='grc' dir='ltr'><em>λεχθέντων</em></span> <span class='ocrx_word' id='word_1_22' title='bbox 1263 668 1319 733; x_wconf 83' lang='grc' dir='ltr'><strong>καί</strong></span> <span class='ocrx_word' id='word_1_23' title='bbox 1335 667 1420 753; x_wconf 77' lang='grc' dir='ltr'><strong><em>τρό-</em></strong></span> <span class='ocrx_word' id='word_1_24' title='bbox 1511 663 1512 704; x_wconf 64' lang='lat'>³</span> 
     </span>
     <span class='ocr_line' id='line_1_4' title="bbox 310 769 1418 858; baseline -0.002 -22"><span class='ocrx_word' id='word_1_25' title='bbox 310 774 409 851; x_wconf 87' lang='grc' dir='ltr'><strong><em>πεζαν</em></strong></span> <span class='ocrx_word' id='word_1_26' title='bbox 428 770 505 858; x_wconf 69' lang='grc' dir='ltr'><strong><em>η’μῖν</em></strong></span> <span class='ocrx_word' id='word_1_27' title='bbox 522 771 653 857; x_wconf 70' lang='grc' dir='ltr'><strong><em>η’δίστην</em></strong></span> <span class='ocrx_word' id='word_1_28' title='bbox 685 773 767 837; x_wconf 84' lang='grc' dir='ltr'><strong><em>αότόι</em></strong></span> <span class='ocrx_word' id='word_1_29' title='bbox 790 775 967 855; x_wconf 77' lang='grc' dir='ltr'><strong><em>παραθέντι</em></strong></span> <span class='ocrx_word' id='word_1_30' title='bbox 987 769 1226 854; x_wconf 74' lang='grc' dir='ltr'><strong><em>μεγαλοψύχως</em></strong></span> <span class='ocrx_word' id='word_1_31' title='bbox 1258 770 1314 834; x_wconf 85' lang='grc' dir='ltr'><strong>καί</strong></span> <span class='ocrx_word' id='word_1_32' title='bbox 1337 773 1418 855; x_wconf 90' lang='grc' dir='ltr'><strong><em>δίχα</em></strong></span> 
     </span>
     <span class='ocr_line' id='line_1_5' title="bbox 273 867 1418 960; baseline 0 -24"><span class='ocrx_word' id='word_1_33' title='bbox 273 876 464 960; x_wconf 59' lang='grc' dir='ltr'><strong><em>’φορτικοῦ</em></strong></span> <span class='ocrx_word' id='word_1_34' title='bbox 488 870 573 949; x_wconf 90' lang='grc' dir='ltr'><strong><em>τινός</em></strong></span> <span class='ocrx_word' id='word_1_35' title='bbox 603 867 704 957; x_wconf 80' lang='grc' dir='ltr'><strong><em>ἤθους</em></strong></span> <span class='ocrx_word' id='word_1_36' title='bbox 732 871 860 950; x_wconf 89' lang='grc' dir='ltr'><strong><em>παντός.</em></strong></span> <span class='ocrx_word' id='word_1_37' title='bbox 913 872 953 940; x_wconf 84' lang='lat' dir='ltr'><strong>ori</strong></span> <span class='ocrx_word' id='word_1_38' title='bbox 976 876 1005 939; x_wconf 81' lang='grc' dir='ltr'><strong>δ’</strong></span> <span class='ocrx_word' id='word_1_39' title='bbox 1028 876 1060 938; x_wconf 83' lang='grc' dir='ltr'><strong><em>εἰ</em></strong></span> <span class='ocrx_word' id='word_1_40' title='bbox 1076 869 1206 956; x_wconf 89' lang='grc' dir='ltr'><strong><em>βοόλιι,</em></strong></span> <span class='ocrx_word' id='word_1_41' title='bbox 1228 876 1282 937; x_wconf 82' lang='grc' dir='ltr'>καί</span> <span class='ocrx_word' id='word_1_42' title='bbox 1306 873 1418 937; x_wconf 83' lang='grc' dir='ltr'><strong><em>δευτέ-</em></strong></span> 
     </span>
     <span class='ocr_line' id='line_1_6' title="bbox 310 971 1442 1061; baseline -0.002 -22"><span class='ocrx_word' id='word_1_43' title='bbox 310 998 371 1058; x_wconf 90' lang='grc' dir='ltr'><strong>ραν</strong></span> <span class='ocrx_word' id='word_1_44' title='bbox 406 977 479 1055; x_wconf 84' lang='grc' dir='ltr'><strong><em>ε’μοί</em></strong></span> <span class='ocrx_word' id='word_1_45' title='bbox 520 974 640 1058; x_wconf 78' lang='grc' dir='ltr'><strong><em>ταύτην</em></strong></span> <span class='ocrx_word' id='word_1_46' title='bbox 673 971 786 1061; x_wconf 77' lang='grc' dir='ltr'><strong><em>ἔφεσιν</em></strong></span> <span class='ocrx_word' id='word_1_47' title='bbox 807 974 887 1060; x_wconf 88' lang='grc' dir='ltr'><strong><em>πρός</em></strong></span> <span class='ocrx_word' id='word_1_48' title='bbox 917 979 999 1040; x_wconf 74' lang='grc' dir='ltr'><strong><em>θεοῦ</em></strong></span> <span class='ocrx_word' id='word_1_49' title='bbox 1029 981 1128 1039; x_wconf 83' lang='grc' dir='ltr'><strong><em>τελεῖν</em></strong></span> <span class='ocrx_word' id='word_1_50' title='bbox 1169 974 1442 1059; x_wconf 79' lang='grc' dir='ltr'><strong><em>προθυμήθητι.5</em></strong></span> 
     </span>
     <span class='ocr_line' id='line_1_7' title="bbox 278 1072 1417 1163; baseline 0 -26"><span class='ocrx_word' id='word_1_51' title='bbox 278 1092 284 1107; x_wconf 64' lang='grc'><em>“</em></span> <span class='ocrx_word' id='word_1_52' title='bbox 310 1072 430 1160; x_wconf 77' lang='grc' dir='ltr'><strong><em>α’κὴκοα</em></strong></span> <span class='ocrx_word' id='word_1_53' title='bbox 452 1072 512 1159; x_wconf 88' lang='grc' dir='ltr'><strong><em>γόιρ</em></strong></span> <span class='ocrx_word' id='word_1_54' title='bbox 534 1075 590 1138; x_wconf 85' lang='grc' dir='ltr'><strong>καί</strong></span> <span class='ocrx_word' id='word_1_55' title='bbox 607 1075 747 1161; x_wconf 88' lang='grc' dir='ltr'><strong><em>Ἰωόσαφ</em></strong></span> <span class='ocrx_word' id='word_1_56' title='bbox 769 1075 826 1140; x_wconf 91' lang='grc' dir='ltr'><strong>τόν</strong></span> <span class='ocrx_word' id='word_1_57' title='bbox 845 1072 1159 1163; x_wconf 78' lang='grc' dir='ltr'><strong><em>προβεβασιλευκότα</em></strong></span> <span class='ocrx_word' id='word_1_58' title='bbox 1183 1079 1417 1161; x_wconf 86' lang='grc' dir='ltr'><strong><em>Καντακουζη-</em></strong></span> 
     </span>
     <span class='ocr_line' id='line_1_8' title="bbox 309 1173 1417 1268; baseline -0.001 -28"><span class='ocrx_word' id='word_1_59' title='bbox 309 1173 374 1261; x_wconf 87' lang='grc' dir='ltr'><strong><em>νόν,</em></strong></span> <span class='ocrx_word' id='word_1_60' title='bbox 394 1175 568 1240; x_wconf 82' lang='grc' dir='ltr'><strong><em>α’νιαθέντα</em></strong></span> <span class='ocrx_word' id='word_1_61' title='bbox 592 1181 664 1243; x_wconf 88' lang='grc' dir='ltr'><strong>λιάν</strong></span> <span class='ocrx_word' id='word_1_62' title='bbox 682 1179 752 1241; x_wconf 82' lang='grc' dir='ltr'><strong><em>-έπί</em></strong></span> <span class='ocrx_word' id='word_1_63' title='bbox 778 1182 822 1268; x_wconf 72' lang='grc' dir='ltr'><strong><em>τῷ</em></strong></span> <span class='ocrx_word' id='word_1_64' title='bbox 843 1180 875 1243; x_wconf 93' lang='grc' dir='ltr'><strong><em>Γ</em></strong></span> <span class='ocrx_word' id='word_1_65' title='bbox 872 1180 992 1267; x_wconf 75' lang='grc' dir='ltr'><strong><em>ρηγορᾷ</em></strong></span> <span class='ocrx_word' id='word_1_66' title='bbox 1008 1184 1150 1261; x_wconf 78' lang='grc' dir='ltr'><strong><em>γραφαῖς</em></strong></span> <span class='ocrx_word' id='word_1_67' title='bbox 1182 1175 1238 1241; x_wconf 82' lang='grc' dir='ltr'><strong>καί</strong></span> <span class='ocrx_word' id='word_1_68' title='bbox 1257 1174 1417 1259; x_wconf 78' lang='grc' dir='ltr'><strong><em>ἱστορίαις</em></strong></span> 
     </span>
     <span class='ocr_line' id='line_1_9' title="bbox 309 1275 1418 1362; baseline 0.001 -21"><span class='ocrx_word' id='word_1_69' title='bbox 309 1285 448 1361; x_wconf 82' lang='grc' dir='ltr'><strong><em>μακραῖς</em></strong></span> <span class='ocrx_word' id='word_1_70' title='bbox 470 1276 621 1342; x_wconf 79' lang='grc' dir='ltr'><strong>δεδωκότι</strong></span> <span class='ocrx_word' id='word_1_71' title='bbox 645 1275 682 1341; x_wconf 87' lang='grc' dir='ltr'><strong><em>τό</em></strong></span> <span class='ocrx_word' id='word_1_72' title='bbox 714 1282 769 1361; x_wconf 81' lang='grc' dir='ltr'><strong>τῆς</strong></span> <span class='ocrx_word' id='word_1_73' title='bbox 794 1282 962 1358; x_wconf 78' lang='grc' dir='ltr'><strong><em>διαλέξιως</em></strong></span> <span class='ocrx_word' id='word_1_74' title='bbox 982 1279 1119 1361; x_wconf 78' lang='grc' dir='ltr'><strong><em>ταυτησί</em></strong></span> <span class='ocrx_word' id='word_1_75' title='bbox 1146 1277 1201 1343; x_wconf 80' lang='grc' dir='ltr'><strong>καί</strong></span> <span class='ocrx_word' id='word_1_76' title='bbox 1223 1278 1333 1353; x_wconf 81' lang='grc' dir='ltr'><strong><em>α’κοαῖς</em></strong></span> <span class='ocrx_word' id='word_1_77' title='bbox 1355 1281 1418 1362; x_wconf 92' lang='grc' dir='ltr'><strong>δη-</strong></span> 
     </span>
     <span class='ocr_line' id='line_1_10' title="bbox 309 1375 1416 1469; baseline 0.005 -29"><span class='ocrx_word' id='word_1_78' title='bbox 309 1376 439 1459; x_wconf 91' lang='grc' dir='ltr'><strong><em>μοσίαις</em></strong></span> <span class='ocrx_word' id='word_1_79' title='bbox 467 1378 515 1441; x_wconf 79' lang='grc' dir='ltr'><strong>ἐπ’</strong></span> <span class='ocrx_word' id='word_1_80' title='bbox 551 1375 688 1469; x_wconf 81' lang='grc' dir='ltr'><strong><em>αι’σχόνη</em></strong></span> <span class='ocrx_word' id='word_1_81' title='bbox 720 1389 787 1456; x_wconf 82' lang='grc' dir='ltr'><strong><em>τοῖς</em></strong></span> <span class='ocrx_word' id='word_1_82' title='bbox 818 1380 908 1467; x_wconf 83' lang='grc' dir='ltr'><strong><em>α’μφί</em></strong></span> <span class='ocrx_word' id='word_1_83' title='bbox 937 1383 1101 1461; x_wconf 83' lang='grc' dir='ltr'><strong><em>Παλαμᾶν</em></strong></span> <span class='ocrx_word' id='word_1_84' title='bbox 1125 1378 1291 1457; x_wconf 77' lang='grc' dir='ltr'><strong><em>δεδωκότι,</em></strong></span> <span class='ocrx_word' id='word_1_85' title='bbox 1323 1385 1416 1447; x_wconf 77' lang='grc' dir='ltr'><strong><em>ταῦτ’</em></strong></span> 
     </span>
    </p>

    <p class='ocr_par' dir='ltr' id='par_1_3' title="bbox 192 1467 1461 1975">
     <span class='ocr_line' id='line_1_11' title="bbox 192 1467 1461 1567; baseline 0.001 -22"><span class='ocrx_word' id='word_1_86' title='bbox 192 1532 196 1545; x_wconf 88' lang='grc'>.</span> <span class='ocrx_word' id='word_1_87' title='bbox 311 1467 376 1561; x_wconf 72' lang='grc' dir='ltr'><strong>ἄρα</strong></span> <span class='ocrx_word' id='word_1_88' title='bbox 398 1480 481 1562; x_wconf 80' lang='grc' dir='ltr'><strong><em>μέρη</em></strong></span> <span class='ocrx_word' id='word_1_89' title='bbox 503 1478 574 1543; x_wconf 76' lang='grc' dir='ltr'><strong><em>τινὰ</em></strong></span> <span class='ocrx_word' id='word_1_90' title='bbox 597 1483 659 1543; x_wconf 71' lang='grc' dir='ltr'><strong><em>τοῖν</em></strong></span> <span class='ocrx_word' id='word_1_91' title='bbox 680 1484 870 1567; x_wconf 74' lang='grc' dir='ltr'><strong><em>γραφέντων</em></strong></span> <span class='ocrx_word' id='word_1_92' title='bbox 894 1478 1118 1563; x_wconf 84' lang='grc' dir='ltr'><strong><em>α’ναλαβόντα,</em></strong></span> <span class='ocrx_word' id='word_1_93' title='bbox 1143 1482 1255 1563; x_wconf 82' lang='grc' dir='ltr'><strong><em>λογίων</em></strong></span> <span class='ocrx_word' id='word_1_94' title='bbox 1277 1482 1417 1562; x_wconf 81' lang='grc' dir='ltr'><strong><em>όμαθῶν</em></strong></span> <span class='ocrx_word' id='word_1_95' title='bbox 1427 1509 1461 1564; x_wconf 80' lang='lat'><strong>10</strong></span> 
     </span>
     <span class='ocr_line' id='line_1_12' title="bbox 309 1574 1417 1666; baseline 0.003 -23"><span class='ocrx_word' id='word_1_96' title='bbox 309 1574 389 1643; x_wconf 84' lang='grc' dir='ltr'><strong><em>οἴκοι</em></strong></span> <span class='ocrx_word' id='word_1_97' title='bbox 411 1580 625 1664; x_wconf 81' lang='grc' dir='ltr'><strong><em>συγκροτῆσαι</em></strong></span> <span class='ocrx_word' id='word_1_98' title='bbox 654 1584 807 1666; x_wconf 89' lang='grc' dir='ltr'><strong><em>συνέδρια</em></strong></span> <span class='ocrx_word' id='word_1_99' title='bbox 841 1586 981 1665; x_wconf 78' lang='grc' dir='ltr'><strong><em>συνεχῆ,</em></strong></span> <span class='ocrx_word' id='word_1_100' title='bbox 1008 1586 1063 1645; x_wconf 83' lang='grc' dir='ltr'><strong><em>καί</em></strong></span> <span class='ocrx_word' id='word_1_101' title='bbox 1086 1578 1259 1665; x_wconf 90' lang='grc' dir='ltr'><strong><em>θεολόγους</em></strong></span> <span class='ocrx_word' id='word_1_102' title='bbox 1280 1579 1417 1663; x_wconf 84' lang='grc' dir='ltr'><strong><em>α’λόγυυς</em></strong></span> 
     </span>
     <span class='ocr_line' id='line_1_13' title="bbox 308 1680 1416 1771; baseline 0.005 -28"><span class='ocrx_word' id='word_1_103' title='bbox 308 1682 544 1764; x_wconf 77' lang='grc' dir='ltr'><strong><em>χειροτονῆσαι,</em></strong></span> <span class='ocrx_word' id='word_1_104' title='bbox 565 1682 713 1747; x_wconf 79' lang='grc' dir='ltr'><strong><em>παιδείαν</em></strong></span> <span class='ocrx_word' id='word_1_105' title='bbox 729 1686 880 1771; x_wconf 76' lang='grc' dir='ltr'><strong><em>ἐξαίφνης</em></strong></span> <span class='ocrx_word' id='word_1_106' title='bbox 904 1684 1169 1768; x_wconf 76' lang='grc' dir='ltr'><strong><em>α’παιδαγαδγητον</em></strong></span> <span class='ocrx_word' id='word_1_107' title='bbox 1180 1680 1416 1769; x_wconf 77' lang='grc' dir='ltr'><strong><em>ἔμφυσῆσαντα</em></strong></span> 
     </span>
     <span class='ocr_line' id='line_1_14' title="bbox 309 1780 1416 1870; baseline 0 -23"><span class='ocrx_word' id='word_1_108' title='bbox 309 1783 413 1868; x_wconf 82' lang='grc' dir='ltr'><strong><em>σφίσι,</em></strong></span> <span class='ocrx_word' id='word_1_109' title='bbox 434 1780 490 1846; x_wconf 81' lang='grc' dir='ltr'><strong>καί</strong></span> <span class='ocrx_word' id='word_1_110' title='bbox 509 1786 716 1850; x_wconf 73' lang='grc' dir='ltr'><strong><em>διαλεκτικῶν</em></strong></span> <span class='ocrx_word' id='word_1_111' title='bbox 736 1788 889 1852; x_wconf 86' lang='grc' dir='ltr'><strong><em>α’νόδοσιν</em></strong></span> <span class='ocrx_word' id='word_1_112' title='bbox 911 1785 1101 1870; x_wconf 83' lang='grc' dir='ltr'><strong><em>αόθημερόν</em></strong></span> <span class='ocrx_word' id='word_1_113' title='bbox 1122 1780 1241 1850; x_wconf 80' lang='grc' dir='ltr'><strong><em>οότωσό</em></strong></span> <span class='ocrx_word' id='word_1_114' title='bbox 1266 1810 1416 1870; x_wconf 89' lang='grc' dir='ltr'><strong><em>μηχανη-</em></strong></span> 
     </span>
     <span class='ocr_line' id='line_1_15' title="bbox 296 1881 1415 1975; baseline 0.003 -27"><span class='ocrx_word' id='word_1_115' title='bbox 296 1881 446 1975; x_wconf 39' lang='grc' dir='ltr'><strong><em>,σόμενσν</em></strong></span> <span class='ocrx_word' id='word_1_116' title='bbox 478 1882 703 1972; x_wconf 83' lang='grc' dir='ltr'><strong><em>αότοσχέδιον,</em></strong></span> <span class='ocrx_word' id='word_1_117' title='bbox 729 1890 785 1953; x_wconf 79' lang='grc' dir='ltr'><strong>καί</strong></span> <span class='ocrx_word' id='word_1_118' title='bbox 803 1883 903 1962; x_wconf 73' lang='grc' dir='ltr'><strong><em>οὕτως</em></strong></span> <span class='ocrx_word' id='word_1_119' title='bbox 923 1884 1053 1953; x_wconf 79' lang='grc' dir='ltr'><strong><em>εἰπόντα</em></strong></span> <span class='ocrx_word' id='word_1_120' title='bbox 1084 1884 1123 1970; x_wconf 75' lang='grc' dir='ltr'><strong>δη</strong></span> <span class='ocrx_word' id='word_1_121' title='bbox 1147 1885 1203 1951; x_wconf 77' lang='grc' dir='ltr'><strong>καί</strong></span> <span class='ocrx_word' id='word_1_122' title='bbox 1227 1883 1415 1951; x_wconf 81' lang='grc' dir='ltr'><strong><em>α’κοόσαντσ</em></strong></span> 
     </span>
    </p>

    <p class='ocr_par' dir='ltr' id='par_1_4' title="bbox 238 1976 1515 2383">
     <span class='ocr_line' id='line_1_16' title="bbox 238 1976 1515 2077; baseline 0.002 -26"><span class='ocrx_word' id='word_1_123' title='bbox 238 2068 239 2075; x_wconf 14' lang='lat'>¹</span> <span class='ocrx_word' id='word_1_124' title='bbox 292 1976 471 2069; x_wconf 63' lang='grc' dir='ltr'><strong>ιλοιδορίᾶς</strong></span> <span class='ocrx_word' id='word_1_125' title='bbox 494 1986 698 2067; x_wconf 90' lang='grc' dir='ltr'><strong><em>παμπόλλους</em></strong></span> <span class='ocrx_word' id='word_1_126' title='bbox 722 1987 808 2059; x_wconf 79' lang='grc' dir='ltr'><strong><em>,κατὰ</em></strong></span> <span class='ocrx_word' id='word_1_127' title='bbox 842 1992 906 2053; x_wconf 77' lang='grc' dir='ltr'><strong>τῶν</strong></span> <span class='ocrx_word' id='word_1_128' title='bbox 926 1990 987 2053; x_wconf 76' lang='grc' dir='ltr'><strong><em>τοῦ</em></strong></span> <span class='ocrx_word' id='word_1_129' title='bbox 1009 1990 1042 2053; x_wconf 87' lang='grc' dir='ltr'><em>Γ</em></span> <span class='ocrx_word' id='word_1_130' title='bbox 1040 1991 1161 2073; x_wconf 83' lang='grc' dir='ltr'><strong><em>ρηγορό</em></strong></span> <span class='ocrx_word' id='word_1_131' title='bbox 1183 1986 1339 2073; x_wconf 76' lang='grc' dir='ltr'><strong><em>ῥημότων</em></strong></span> <span class='ocrx_word' id='word_1_132' title='bbox 1360 1992 1417 2053; x_wconf 79' lang='grc' dir='ltr'><strong><em>κατ’</em></strong></span> <span class='ocrx_word' id='word_1_133' title='bbox 1426 2024 1460 2077; x_wconf 74' lang='lat'><strong>15</strong></span> <span class='ocrx_word' id='word_1_134' title='bbox 1514 2025 1515 2032; x_wconf 45' lang='lat'>1</span> 
     </span>
     <span class='ocr_line' id='line_1_17' title="bbox 310 2077 1515 2173; baseline 0 -22"><span class='ocrx_word' id='word_1_135' title='bbox 310 2086 411 2171; x_wconf 89' lang='grc' dir='ltr'><strong><em>λόγων</em></strong></span> <span class='ocrx_word' id='word_1_136' title='bbox 433 2088 570 2173; x_wconf 75' lang='grc' dir='ltr'><strong><em>ἐκείνων,</em></strong></span> <span class='ocrx_word' id='word_1_137' title='bbox 590 2086 706 2154; x_wconf 86' lang='grc' dir='ltr'><strong><em>ταότόν</em></strong></span> <span class='ocrx_word' id='word_1_138' title='bbox 728 2091 758 2155; x_wconf 84' lang='grc' dir='ltr'><strong>δ’</strong></span> <span class='ocrx_word' id='word_1_139' title='bbox 782 2092 884 2156; x_wconf 74' lang='grc' dir='ltr'><strong><em>εἰπεῖν</em></strong></span> <span class='ocrx_word' id='word_1_140' title='bbox 899 2086 979 2153; x_wconf 74' lang='grc' dir='ltr'><strong><em>κατὰ</em></strong></span> <span class='ocrx_word' id='word_1_141' title='bbox 1000 2089 1056 2172; x_wconf 81' lang='grc' dir='ltr'><strong>τῆς</strong></span> <span class='ocrx_word' id='word_1_142' title='bbox 1076 2088 1243 2170; x_wconf 84' lang='grc' dir='ltr'><strong><em>εόσεβείας</em></strong></span> <span class='ocrx_word' id='word_1_143' title='bbox 1264 2080 1416 2171; x_wconf 71' lang='grc' dir='ltr'><strong><em>ἄντικρυς</em></strong></span> <span class='ocrx_word' id='word_1_144' title='bbox 1514 2077 1515 2088; x_wconf 48' lang='grc'>’</span> 
     </span>
     <span class='ocr_line' id='line_1_18' title="bbox 312 2187 1417 2281; baseline 0.001 -28"><span class='ocrx_word' id='word_1_145' title='bbox 312 2187 557 2281; x_wconf 45' lang='grc' dir='ltr'><strong><em>αότῆςςόαειτα</em></strong></span> <span class='ocrx_word' id='word_1_146' title='bbox 580 2189 704 2256; x_wconf 83' lang='grc' dir='ltr'><strong><em>πλείοσι</em></strong></span> <span class='ocrx_word' id='word_1_147' title='bbox 731 2193 869 2273; x_wconf 77' lang='grc' dir='ltr'><strong><em>βιβλίοις</em></strong></span> <span class='ocrx_word' id='word_1_148' title='bbox 897 2187 980 2255; x_wconf 75' lang='lat' dir='ltr'><strong>crissi</strong></span> <span class='ocrx_word' id='word_1_149' title='bbox 1000 2188 1269 2273; x_wconf 74' lang='grc' dir='ltr'><strong><em>μετεγγράψαντα</em></strong></span> <span class='ocrx_word' id='word_1_150' title='bbox 1291 2192 1417 2255; x_wconf 74' lang='grc' dir='ltr'><strong><em>διανεῖ-</em></strong></span> 
     </span>
     <span class='ocr_line' id='line_1_19' title="bbox 311 2289 1418 2383; baseline 0.002 -29"><span class='ocrx_word' id='word_1_151' title='bbox 311 2315 373 2373; x_wconf 89' lang='grc' dir='ltr'><strong>μαι</strong></span> <span class='ocrx_word' id='word_1_152' title='bbox 402 2298 468 2367; x_wconf 87' lang='grc' dir='ltr'><strong><em>τοϊς</em></strong></span> <span class='ocrx_word' id='word_1_153' title='bbox 490 2289 713 2383; x_wconf 78' lang='grc' dir='ltr'><strong><em>αἱρεσιιόταις,</em></strong></span> <span class='ocrx_word' id='word_1_154' title='bbox 735 2297 790 2356; x_wconf 81' lang='grc' dir='ltr'><strong><em>κατ’</em></strong></span> <span class='ocrx_word' id='word_1_155' title='bbox 818 2290 1005 2377; x_wconf 74' lang='grc' dir='ltr'><strong><em>μυρμηκιὰν</em></strong></span> <span class='ocrx_word' id='word_1_156' title='bbox 1030 2293 1201 2375; x_wconf 75' lang='grc' dir='ltr'><strong><em>λοιδοριῶν</em></strong></span> <span class='ocrx_word' id='word_1_157' title='bbox 1221 2289 1256 2356; x_wconf 82' lang='grc' dir='ltr'><strong><em>έν</em></strong></span> <span class='ocrx_word' id='word_1_158' title='bbox 1273 2301 1418 2378; x_wconf 80' lang='grc' dir='ltr'><strong><em>γραφαῖς</em></strong></span> 
     </span>
    </p>

    <p class='ocr_par' dir='ltr' id='par_1_5' title="bbox 276 2391 1516 2581">
     <span class='ocr_line' id='line_1_20' title="bbox 276 2391 1419 2479; baseline 0 -24"><span class='ocrx_word' id='word_1_159' title='bbox 276 2391 453 2475; x_wconf 64' lang='lat' dir='ltr'><strong>adsciscit·</strong></span> <span class='ocrx_word' id='word_1_160' title='bbox 473 2391 530 2477; x_wconf 75' lang='grc' dir='ltr'><strong>την</strong></span> <span class='ocrx_word' id='word_1_161' title='bbox 552 2393 705 2479; x_wconf 80' lang='grc' dir='ltr'><strong><em>ταχίστην</em></strong></span> <span class='ocrx_word' id='word_1_162' title='bbox 725 2397 975 2477; x_wconf 73' lang='grc' dir='ltr'><strong><em>προστεταχέναι</em></strong></span> <span class='ocrx_word' id='word_1_163' title='bbox 1000 2393 1163 2475; x_wconf 82' lang='grc' dir='ltr'><strong><em>γενέσθαι.</em></strong></span> <span class='ocrx_word' id='word_1_164' title='bbox 1196 2391 1266 2468; x_wconf 76' lang='grc' dir='ltr'><strong><em>ἑνὸς</em></strong></span> <span class='ocrx_word' id='word_1_165' title='bbox 1285 2396 1315 2455; x_wconf 83' lang='grc' dir='ltr'><strong>δ’</strong></span> <span class='ocrx_word' id='word_1_166' title='bbox 1331 2396 1419 2457; x_wconf 77' lang='grc' dir='ltr'><strong><em>ἐκεῖ·</em></strong></span> 
     </span>
     <span class='ocr_line' id='line_1_21' title="bbox 313 2490 1516 2581; baseline 0 -23"><span class='ocrx_word' id='word_1_167' title='bbox 313 2496 370 2558; x_wconf 85' lang='grc' dir='ltr'><strong><em>θεν</em></strong></span> <span class='ocrx_word' id='word_1_168' title='bbox 391 2494 447 2558; x_wconf 84' lang='grc' dir='ltr'><strong>καί</strong></span> <span class='ocrx_word' id='word_1_169' title='bbox 476 2492 606 2578; x_wconf 78' lang='grc' dir='ltr'><strong><em>ἡμίσεος</em></strong></span> <span class='ocrx_word' id='word_1_170' title='bbox 629 2496 774 2560; x_wconf 76' lang='grc' dir='ltr'><strong><em>ἐνιαυτοῦ</em></strong></span> <span class='ocrx_word' id='word_1_171' title='bbox 797 2498 976 2578; x_wconf 78' lang='grc' dir='ltr'><strong><em>τριβέντας,</em></strong></span> <span class='ocrx_word' id='word_1_172' title='bbox 1012 2490 1102 2559; x_wconf 89' lang='grc' dir='ltr'><strong><em>κενόν</em></strong></span> <span class='ocrx_word' id='word_1_173' title='bbox 1124 2492 1179 2558; x_wconf 77' lang='grc' dir='ltr'><strong>καί</strong></span> <span class='ocrx_word' id='word_1_174' title='bbox 1200 2494 1357 2578; x_wconf 83' lang='grc' dir='ltr'><strong><em>όνηνυτον</em></strong></span> <span class='ocrx_word' id='word_1_175' title='bbox 1378 2497 1460 2581; x_wconf 64' lang='lat' dir='ltr'><strong>‘ito</strong></span> <span class='ocrx_word' id='word_1_176' title='bbox 1515 2547 1516 2573; x_wconf 69' lang='grc'><strong><em>,</em></strong></span> 
     </span>
    </p>
   </div>
   <div class='ocr_carea' id='block_1_3' title="bbox 117 2590 1419 2884">
    <p class='ocr_par' dir='ltr' id='par_1_6' title="bbox 117 2590 1419 2884">
     <span class='ocr_line' id='line_1_22' title="bbox 311 2590 1418 2681; baseline 0.002 -23"><span class='ocrx_word' id='word_1_177' title='bbox 311 2596 376 2658; x_wconf 76' lang='grc' dir='ltr'><strong>τῶν</strong></span> <span class='ocrx_word' id='word_1_178' title='bbox 399 2593 535 2660; x_wconf 78' lang='grc' dir='ltr'><strong><em>ἐλπίδων</em></strong></span> <span class='ocrx_word' id='word_1_179' title='bbox 556 2596 650 2681; x_wconf 89' lang='grc' dir='ltr'><strong><em>σφίσι</em></strong></span> <span class='ocrx_word' id='word_1_180' title='bbox 671 2598 767 2680; x_wconf 80' lang='grc' dir='ltr'><strong><em>θέρος</em></strong></span> <span class='ocrx_word' id='word_1_181' title='bbox 791 2590 978 2680; x_wconf 81' lang='grc' dir='ltr'><strong><em>έβλόστηόε.</em></strong></span> <span class='ocrx_word' id='word_1_182' title='bbox 1019 2598 1084 2658; x_wconf 82' lang='grc' dir='ltr'><strong><em>’καί</em></strong></span> <span class='ocrx_word' id='word_1_183' title='bbox 1103 2593 1143 2660; x_wconf 80' lang='grc' dir='ltr'><strong><em>τό</em></strong></span> <span class='ocrx_word' id='word_1_184' title='bbox 1165 2596 1222 2679; x_wconf 84' lang='grc' dir='ltr'><strong>τῆς</strong></span> <span class='ocrx_word' id='word_1_185' title='bbox 1242 2599 1418 2679; x_wconf 89' lang='grc' dir='ltr'><strong><em>παροιμίας</em></strong></span> 
     </span>
     <span class='ocr_line' id='line_1_23' title="bbox 131 2688 1419 2781; baseline 0.005 -25"><span class='ocrx_word' id='word_1_186' title='bbox 131 2726 144 2756; x_wconf 77' lang='grc' dir='ltr'><strong><em>ι</em></strong></span> <span class='ocrx_word' id='word_1_187' title='bbox 312 2693 455 2777; x_wconf 71' lang='grc' dir='ltr'><strong><em>ἀτεχνῶς</em></strong></span> <span class='ocrx_word' id='word_1_188' title='bbox 476 2690 632 2780; x_wconf 67' lang='lat' dir='ltr'><strong>r‘roopoiso·¹</strong></span> <span class='ocrx_word' id='word_1_189' title='bbox 659 2689 753 2762; x_wconf 76' lang='grc' dir='ltr'><strong><em>ὄδυνι</em></strong></span> <span class='ocrx_word' id='word_1_190' title='bbox 773 2694 848 2779; x_wconf 73' lang='grc' dir='ltr'><strong><em>γάρ,</em></strong></span> <span class='ocrx_word' id='word_1_191' title='bbox 870 2698 978 2781; x_wconf 86' lang='grc' dir='ltr'><strong><em>φησίν,</em></strong></span> <span class='ocrx_word' id='word_1_192' title='bbox 995 2688 1071 2780; x_wconf 81' lang='grc' dir='ltr'><strong><em>ὅρος</em></strong></span> <span class='ocrx_word' id='word_1_193' title='bbox 1091 2698 1147 2760; x_wconf 79' lang='grc' dir='ltr'><strong><em>κατ’</em></strong></span> <span class='ocrx_word' id='word_1_194' title='bbox 1165 2692 1252 2760; x_wconf 78' lang='grc' dir='ltr'><strong><em>ἔτεκε</em></strong></span> <span class='ocrx_word' id='word_1_195' title='bbox 1272 2699 1347 2777; x_wconf 77' lang='grc' dir='ltr'><strong><em>μῦν,</em></strong></span> <span class='ocrx_word' id='word_1_196' title='bbox 1360 2699 1419 2762; x_wconf 79' lang='grc' dir='ltr'><strong>καί</strong></span> 
     </span>
     <span class='ocr_line' id='line_1_24' title="bbox 117 2789 1417 2884; baseline 0 -24"><span class='ocrx_word' id='word_1_197' title='bbox 117 2847 125 2860; x_wconf 69' lang='grc'><strong><em>,</em></strong></span> <span class='ocrx_word' id='word_1_198' title='bbox 180 2807 200 2867; x_wconf 80' lang='grc' dir='ltr'><strong><em>λ.</em></strong></span> <span class='ocrx_word' id='word_1_199' title='bbox 212 2807 264 2868; x_wconf 81' lang='lat'><strong>156</strong></span> <span class='ocrx_word' id='word_1_200' title='bbox 274 2821 302 2862; x_wconf 87' lang='grc' dir='ltr'><strong><em>τ.</em></strong></span> <span class='ocrx_word' id='word_1_201' title='bbox 311 2790 471 2884; x_wconf 72' lang='grc' dir='ltr'><strong><em>ἄνθρακες</em></strong></span> <span class='ocrx_word' id='word_1_202' title='bbox 489 2789 573 2882; x_wconf 79' lang='grc' dir='ltr'><strong><em>ἦσαν</em></strong></span> <span class='ocrx_word' id='word_1_203' title='bbox 592 2798 700 2874; x_wconf 76' lang='grc' dir='ltr'><strong><em>ου’τσϊς</em></strong></span> <span class='ocrx_word' id='word_1_204' title='bbox 715 2795 752 2864; x_wconf 79' lang='grc' dir='ltr'><strong>ὀἱ</strong></span> <span class='ocrx_word' id='word_1_205' title='bbox 772 2792 1034 2882; x_wconf 77' lang='grc' dir='ltr'><strong><em>προσδεκόμενοι</em></strong></span> <span class='ocrx_word' id='word_1_206' title='bbox 1044 2794 1226 2883; x_wconf 67' lang='grc' dir='ltr'><strong><em>’θησαυροιί</em></strong></span> <span class='ocrx_word' id='word_1_207' title='bbox 1259 2795 1315 2863; x_wconf 73' lang='grc' dir='ltr'><strong><em>κατ’</em></strong></span> <span class='ocrx_word' id='word_1_208' title='bbox 1339 2789 1417 2863; x_wconf 74' lang='lat' dir='ltr'><strong>doct</strong></span> 
     </span>
    </p>
   </div>
   <div class='ocr_carea' id='block_1_4' title="bbox 250 3125 1516 4418">
    <p class='ocr_par' dir='ltr' id='par_1_7' title="bbox 250 3125 1516 4418">
     <span class='ocr_line' id='line_1_25' title="bbox 312 3125 1418 3200; baseline -0.005 -17"><span class='ocrx_word' id='word_1_209' title='bbox 312 3129 434 3200; x_wconf 87' lang='lat' dir='ltr'><strong>pientiae</strong></span> <span class='ocrx_word' id='word_1_210' title='bbox 454 3130 554 3198; x_wconf 89' lang='lat' dir='ltr'><strong>quippo</strong></span> <span class='ocrx_word' id='word_1_211' title='bbox 576 3130 622 3198; x_wconf 83' lang='lat' dir='ltr'><strong>qui</strong></span> <span class='ocrx_word' id='word_1_212' title='bbox 644 3128 756 3198; x_wconf 75' lang='lat' dir='ltr'><strong>egregie</strong></span> <span class='ocrx_word' id='word_1_213' title='bbox 781 3125 1020 3181; x_wconf 74' lang='lat' dir='ltr'><strong>communicaveris</strong></span> <span class='ocrx_word' id='word_1_214' title='bbox 1044 3141 1150 3180; x_wconf 90' lang='lat' dir='ltr'><strong>mecum</strong></span> <span class='ocrx_word' id='word_1_215' title='bbox 1176 3141 1352 3196; x_wconf 84' lang='lat' dir='ltr'><strong>quaecuuque</strong></span> <span class='ocrx_word' id='word_1_216' title='bbox 1372 3130 1418 3182; x_wconf 90' lang='lat' dir='ltr'><strong>di.</strong></span> 
     </span>
     <span class='ocr_line' id='line_1_26' title="bbox 313 3198 1417 3270; baseline -0.003 -14"><span class='ocrx_word' id='word_1_217' title='bbox 313 3211 416 3256; x_wconf 90' lang='lat' dir='ltr'><strong>etoruru</strong></span> <span class='ocrx_word' id='word_1_218' title='bbox 442 3199 517 3254; x_wconf 89' lang='lat' dir='ltr'><strong>illius</strong></span> <span class='ocrx_word' id='word_1_219' title='bbox 548 3201 776 3268; x_wconf 84' lang='lat' dir='ltr'><strong>praestantissima</strong></span> <span class='ocrx_word' id='word_1_220' title='bbox 802 3207 864 3254; x_wconf 89' lang='lat' dir='ltr'><strong>suut</strong></span> <span class='ocrx_word' id='word_1_221' title='bbox 888 3198 987 3270; x_wconf 81' lang='lat' dir='ltr'><strong>hisque</strong></span> <span class='ocrx_word' id='word_1_222' title='bbox 1011 3215 1129 3252; x_wconf 87' lang='lat' dir='ltr'><strong>mensam</strong></span> <span class='ocrx_word' id='word_1_223' title='bbox 1158 3199 1223 3250; x_wconf 86' lang='lat' dir='ltr'><strong>milri</strong></span> <span class='ocrx_word' id='word_1_224' title='bbox 1256 3203 1417 3266; x_wconf 88' lang='lat' dir='ltr'><strong>apposueris</strong></span> 
     </span>
     <span class='ocr_line' id='line_1_27' title="bbox 312 3271 1416 3340; baseline -0.005 -10"><span class='ocrx_word' id='word_1_225' title='bbox 312 3275 497 3331; x_wconf 76' lang='lat' dir='ltr'><strong>suavissimam</strong></span> <span class='ocrx_word' id='word_1_226' title='bbox 517 3288 577 3324; x_wconf 89' lang='lat' dir='ltr'><strong>eum</strong></span> <span class='ocrx_word' id='word_1_227' title='bbox 598 3273 679 3324; x_wconf 89' lang='lat' dir='ltr'><strong>animi</strong></span> <span class='ocrx_word' id='word_1_228' title='bbox 696 3271 880 3340; x_wconf 77' lang='lat' dir='ltr'><strong>magnitudine</strong></span> <span class='ocrx_word' id='word_1_229' title='bbox 899 3277 926 3322; x_wconf 90' lang='lat' dir='ltr'><strong>et</strong></span> <span class='ocrx_word' id='word_1_230' title='bbox 944 3286 1045 3324; x_wconf 89' lang='lat' dir='ltr'><strong>summo</strong></span> <span class='ocrx_word' id='word_1_231' title='bbox 1066 3272 1169 3323; x_wconf 85' lang='lat' dir='ltr'><strong>oilicio.</strong></span> <span class='ocrx_word' id='word_1_232' title='bbox 1204 3279 1233 3322; x_wconf 93' lang='lat' dir='ltr'><strong>tu</strong></span> <span class='ocrx_word' id='word_1_233' title='bbox 1246 3273 1352 3323; x_wconf 83' lang='lat' dir='ltr'><strong>verosi</strong></span> <span class='ocrx_word' id='word_1_234' title='bbox 1371 3273 1416 3324; x_wconf 81' lang='lat' dir='ltr'><strong>vis</strong></span> 
     </span>
     <span class='ocr_line' id='line_1_28' title="bbox 312 3342 1415 3415; baseline -0.007 -13"><span class='ocrx_word' id='word_1_235' title='bbox 312 3347 365 3402; x_wconf 90' lang='lat' dir='ltr'><strong>hoc</strong></span> <span class='ocrx_word' id='word_1_236' title='bbox 391 3360 499 3415; x_wconf 86' lang='lat' dir='ltr'><strong>quoque</strong></span> <span class='ocrx_word' id='word_1_237' title='bbox 529 3343 641 3399; x_wconf 87' lang='lat' dir='ltr'><strong>alterum</strong></span> <span class='ocrx_word' id='word_1_238' title='bbox 668 3343 734 3394; x_wconf 80' lang='lat' dir='ltr'><strong>milti</strong></span> <span class='ocrx_word' id='word_1_239' title='bbox 763 3358 889 3410; x_wconf 78' lang='lat' dir='ltr'><strong>exponas.</strong></span> <span class='ocrx_word' id='word_1_240' title='bbox 936 3343 1027 3395; x_wconf 89' lang='lat' dir='ltr'><strong>audivi</strong></span> <span class='ocrx_word' id='word_1_241' title='bbox 1056 3344 1126 3394; x_wconf 88' lang='lat' dir='ltr'><strong>cuim</strong></span> <span class='ocrx_word' id='word_1_242' title='bbox 1150 3358 1242 3410; x_wconf 76' lang='lat' dir='ltr'><strong>regem</strong></span> <span class='ocrx_word' id='word_1_243' title='bbox 1269 3342 1415 3410; x_wconf 90' lang='lat' dir='ltr'><strong>Iosephuru</strong></span> 
     </span>
     <span class='ocr_line' id='line_1_29' title="bbox 314 3412 1516 3483; baseline -0.007 -9"><span class='ocrx_word' id='word_1_244' title='bbox 314 3419 531 3475; x_wconf 79' lang='lat' dir='ltr'><strong>(lautacusenuru</strong></span> <span class='ocrx_word' id='word_1_245' title='bbox 557 3413 733 3468; x_wconf 84' lang='lat' dir='ltr'><strong>vehementer</strong></span> <span class='ocrx_word' id='word_1_246' title='bbox 757 3415 853 3466; x_wconf 88' lang='lat' dir='ltr'><strong>iratum</strong></span> <span class='ocrx_word' id='word_1_247' title='bbox 874 3412 1012 3483; x_wconf 79' lang='lat' dir='ltr'><strong>Gregorae</strong></span> <span class='ocrx_word' id='word_1_248' title='bbox 1038 3415 1084 3483; x_wconf 90' lang='lat' dir='ltr'><strong>qui</strong></span> <span class='ocrx_word' id='word_1_249' title='bbox 1110 3415 1210 3481; x_wconf 89' lang='lat' dir='ltr'><strong>scripta</strong></span> <span class='ocrx_word' id='word_1_250' title='bbox 1235 3422 1262 3465; x_wconf 89' lang='lat' dir='ltr'><strong>et</strong></span> <span class='ocrx_word' id='word_1_251' title='bbox 1285 3413 1413 3466; x_wconf 87' lang='lat' dir='ltr'><strong>historias</strong></span> <span class='ocrx_word' id='word_1_252' title='bbox 1515 3474 1516 3477; x_wconf 9' lang='grc' dir='ltr'><strong><em>χ</em></strong></span> 
     </span>
     <span class='ocr_line' id='line_1_30' title="bbox 313 3485 1413 3558; baseline -0.01 -14"><span class='ocrx_word' id='word_1_253' title='bbox 313 3491 409 3558; x_wconf 70' lang='lat' dir='ltr'><strong>longas</strong></span> <span class='ocrx_word' id='word_1_254' title='bbox 428 3489 461 3542; x_wconf 88' lang='lat' dir='ltr'><strong>dc</strong></span> <span class='ocrx_word' id='word_1_255' title='bbox 475 3487 655 3554; x_wconf 83' lang='lat' dir='ltr'><strong>disputatione</strong></span> <span class='ocrx_word' id='word_1_256' title='bbox 676 3486 724 3540; x_wconf 89' lang='lat' dir='ltr'><strong>illa</strong></span> <span class='ocrx_word' id='word_1_257' title='bbox 737 3487 893 3538; x_wconf 74' lang='lat' dir='ltr'><strong>confecerat</strong></span> <span class='ocrx_word' id='word_1_258' title='bbox 911 3494 938 3537; x_wconf 93' lang='lat' dir='ltr'><strong>et</strong></span> <span class='ocrx_word' id='word_1_259' title='bbox 956 3485 1059 3554; x_wconf 80' lang='lat' dir='ltr'><strong>publici</strong></span> <span class='ocrx_word' id='word_1_260' title='bbox 1078 3486 1181 3538; x_wconf 85' lang='lat' dir='ltr'><strong>iecerat</strong></span> <span class='ocrx_word' id='word_1_261' title='bbox 1198 3486 1264 3538; x_wconf 90' lang='lat' dir='ltr'><strong>iuris</strong></span> <span class='ocrx_word' id='word_1_262' title='bbox 1281 3485 1310 3536; x_wconf 95' lang='lat' dir='ltr'><strong>in</strong></span> <span class='ocrx_word' id='word_1_263' title='bbox 1330 3486 1413 3553; x_wconf 79' lang='lat' dir='ltr'><strong>iguo.</strong></span> 
     </span>
     <span class='ocr_line' id='line_1_31' title="bbox 271 3555 1414 3626; baseline -0.01 -11"><span class='ocrx_word' id='word_1_264' title='bbox 271 3602 275 3615; x_wconf 45' lang='grc' dir='ltr'><strong><em>ι</em></strong></span> <span class='ocrx_word' id='word_1_265' title='bbox 312 3563 421 3614; x_wconf 81' lang='lat' dir='ltr'><strong>minium</strong></span> <span class='ocrx_word' id='word_1_266' title='bbox 447 3557 608 3612; x_wconf 88' lang='lat' dir='ltr'><strong>asseclarum</strong></span> <span class='ocrx_word' id='word_1_267' title='bbox 629 3557 769 3621; x_wconf 84' lang='lat' dir='ltr'><strong>Palamue,</strong></span> <span class='ocrx_word' id='word_1_268' title='bbox 798 3574 813 3608; x_wconf 89' lang='lat' dir='ltr'><strong>e</strong></span> <span class='ocrx_word' id='word_1_269' title='bbox 840 3555 916 3610; x_wconf 89' lang='lat' dir='ltr'><strong>libris</strong></span> <span class='ocrx_word' id='word_1_270' title='bbox 948 3558 1076 3626; x_wconf 82' lang='lat' dir='ltr'><strong>quaedam</strong></span> <span class='ocrx_word' id='word_1_271' title='bbox 1101 3556 1219 3624; x_wconf 77' lang='lat' dir='ltr'><strong>elegisse</strong></span> <span class='ocrx_word' id='word_1_272' title='bbox 1237 3564 1264 3607; x_wconf 92' lang='lat' dir='ltr'><strong>et</strong></span> <span class='ocrx_word' id='word_1_273' title='bbox 1278 3558 1348 3608; x_wconf 91' lang='lat' dir='ltr'><strong>domi</strong></span> <span class='ocrx_word' id='word_1_274' title='bbox 1367 3559 1414 3608; x_wconf 92' lang='lat' dir='ltr'><strong>in.</strong></span> 
     </span>
     <span class='ocr_line' id='line_1_32' title="bbox 313 3627 1414 3700; baseline -0.009 -14"><span class='ocrx_word' id='word_1_275' title='bbox 313 3638 461 3700; x_wconf 77' lang='lat' dir='ltr'><strong>terpreturn</strong></span> <span class='ocrx_word' id='word_1_276' title='bbox 481 3631 649 3683; x_wconf 89' lang='lat' dir='ltr'><strong>indoctorum</strong></span> <span class='ocrx_word' id='word_1_277' title='bbox 668 3627 841 3681; x_wconf 87' lang='lat' dir='ltr'><strong>conclamatis</strong></span> <span class='ocrx_word' id='word_1_278' title='bbox 860 3629 993 3694; x_wconf 75' lang='lat' dir='ltr'><strong>synedriis</strong></span> <span class='ocrx_word' id='word_1_279' title='bbox 1012 3627 1100 3696; x_wconf 91' lang='lat' dir='ltr'><strong>plenis</strong></span> <span class='ocrx_word' id='word_1_280' title='bbox 1129 3637 1157 3681; x_wconf 91' lang='lat' dir='ltr'><strong>et</strong></span> <span class='ocrx_word' id='word_1_281' title='bbox 1174 3630 1312 3681; x_wconf 83' lang='lat' dir='ltr'><strong>advocatis</strong></span> <span class='ocrx_word' id='word_1_282' title='bbox 1331 3627 1414 3680; x_wconf 88' lang='lat' dir='ltr'><strong>theo.</strong></span> 
     </span>
     <span class='ocr_line' id='line_1_33' title="bbox 313 3699 1415 3773; baseline -0.005 -15"><span class='ocrx_word' id='word_1_283' title='bbox 313 3705 386 3773; x_wconf 77' lang='lat' dir='ltr'><strong>logis</strong></span> <span class='ocrx_word' id='word_1_284' title='bbox 403 3702 570 3767; x_wconf 84' lang='lat' dir='ltr'><strong>amentibus,</strong></span> <span class='ocrx_word' id='word_1_285' title='bbox 590 3702 683 3754; x_wconf 89' lang='lat' dir='ltr'><strong>horum</strong></span> <span class='ocrx_word' id='word_1_286' title='bbox 712 3715 764 3768; x_wconf 91' lang='lat' dir='ltr'><strong>ope</strong></span> <span class='ocrx_word' id='word_1_287' title='bbox 789 3709 902 3767; x_wconf 85' lang='lat' dir='ltr'><strong>repente</strong></span> <span class='ocrx_word' id='word_1_288' title='bbox 927 3700 1061 3752; x_wconf 80' lang='lat' dir='ltr'><strong>doctrinas</strong></span> <span class='ocrx_word' id='word_1_289' title='bbox 1088 3701 1209 3752; x_wconf 90' lang='lat' dir='ltr'><strong>indoctas</strong></span> <span class='ocrx_word' id='word_1_290' title='bbox 1234 3699 1366 3751; x_wconf 81' lang='lat' dir='ltr'><strong>conflasse</strong></span> <span class='ocrx_word' id='word_1_291' title='bbox 1386 3709 1415 3752; x_wconf 91' lang='lat' dir='ltr'><strong>et</strong></span> 
     </span>
     <span class='ocr_line' id='line_1_34' title="bbox 316 3769 1414 3840; baseline -0.005 -13"><span class='ocrx_word' id='word_1_292' title='bbox 316 3775 411 3828; x_wconf 85' lang='lat' dir='ltr'><strong>eodem</strong></span> <span class='ocrx_word' id='word_1_293' title='bbox 430 3773 473 3825; x_wconf 89' lang='lat' dir='ltr'><strong>dic</strong></span> <span class='ocrx_word' id='word_1_294' title='bbox 491 3775 530 3826; x_wconf 88' lang='lat' dir='ltr'><strong>sic</strong></span> <span class='ocrx_word' id='word_1_295' title='bbox 549 3788 700 3828; x_wconf 87' lang='lat' dir='ltr'><strong>sermonum</strong></span> <span class='ocrx_word' id='word_1_296' title='bbox 721 3769 917 3840; x_wconf 72' lang='lat' dir='ltr'><strong>expositionem</strong></span> <span class='ocrx_word' id='word_1_297' title='bbox 938 3788 972 3823; x_wconf 86' lang='lat' dir='ltr'><strong>ex</strong></span> <span class='ocrx_word' id='word_1_298' title='bbox 987 3780 1108 3838; x_wconf 89' lang='lat' dir='ltr'><strong>tempore</strong></span> <span class='ocrx_word' id='word_1_299' title='bbox 1130 3772 1295 3823; x_wconf 84' lang='lat' dir='ltr'><strong>instituisse:</strong></span> <span class='ocrx_word' id='word_1_300' title='bbox 1315 3771 1414 3823; x_wconf 86' lang='lat' dir='ltr'><strong>deinde</strong></span> 
     </span>
     <span class='ocr_line' id='line_1_35' title="bbox 314 3841 1414 3914; baseline -0.005 -14"><span class='ocrx_word' id='word_1_301' title='bbox 314 3862 373 3900; x_wconf 91' lang='lat' dir='ltr'><strong>cum</strong></span> <span class='ocrx_word' id='word_1_302' title='bbox 404 3853 544 3914; x_wconf 86' lang='lat' dir='ltr'><strong>postquam</strong></span> <span class='ocrx_word' id='word_1_303' title='bbox 573 3845 685 3897; x_wconf 86' lang='lat' dir='ltr'><strong>dixisset</strong></span> <span class='ocrx_word' id='word_1_304' title='bbox 716 3852 743 3895; x_wconf 91' lang='lat' dir='ltr'><strong>et</strong></span> <span class='ocrx_word' id='word_1_305' title='bbox 776 3844 924 3896; x_wconf 83' lang='lat' dir='ltr'><strong>audivisset</strong></span> <span class='ocrx_word' id='word_1_306' title='bbox 949 3844 1073 3895; x_wconf 87' lang='lat' dir='ltr'><strong>convicia</strong></span> <span class='ocrx_word' id='word_1_307' title='bbox 1100 3841 1183 3894; x_wconf 89' lang='lat' dir='ltr'><strong>multa</strong></span> <span class='ocrx_word' id='word_1_308' title='bbox 1210 3845 1238 3911; x_wconf 81' lang='lat' dir='ltr'><strong>iu</strong></span> <span class='ocrx_word' id='word_1_309' title='bbox 1266 3842 1414 3909; x_wconf 86' lang='lat' dir='ltr'><strong>Gregoram</strong></span> 
     </span>
     <span class='ocr_line' id='line_1_36' title="bbox 313 3913 1413 3986; baseline -0.003 -16"><span class='ocrx_word' id='word_1_310' title='bbox 313 3933 421 3986; x_wconf 87' lang='lat' dir='ltr'><strong>unaque</strong></span> <span class='ocrx_word' id='word_1_311' title='bbox 443 3918 482 3970; x_wconf 91' lang='lat' dir='ltr'><strong>sio</strong></span> <span class='ocrx_word' id='word_1_312' title='bbox 501 3918 528 3968; x_wconf 93' lang='lat' dir='ltr'><strong>iu</strong></span> <span class='ocrx_word' id='word_1_313' title='bbox 546 3915 630 3983; x_wconf 87' lang='lat' dir='ltr'><strong>ipsam</strong></span> <span class='ocrx_word' id='word_1_314' title='bbox 650 3917 708 3983; x_wconf 81' lang='lat' dir='ltr'><strong>eius</strong></span> <span class='ocrx_word' id='word_1_315' title='bbox 726 3917 870 3984; x_wconf 77' lang='lat' dir='ltr'><strong>pietatem,</strong></span> <span class='ocrx_word' id='word_1_316' title='bbox 892 3915 960 3968; x_wconf 87' lang='lat' dir='ltr'><strong>haec</strong></span> <span class='ocrx_word' id='word_1_317' title='bbox 980 3915 1101 3984; x_wconf 91' lang='lat' dir='ltr'><strong>pluribus</strong></span> <span class='ocrx_word' id='word_1_318' title='bbox 1120 3913 1196 3966; x_wconf 90' lang='lat' dir='ltr'><strong>libris</strong></span> <span class='ocrx_word' id='word_1_319' title='bbox 1216 3914 1413 3980; x_wconf 84' lang='lat' dir='ltr'><strong>conscripsisse</strong></span> 
     </span>
     <span class='ocr_line' id='line_1_37' title="bbox 315 3983 1413 4056; baseline -0.005 -14"><span class='ocrx_word' id='word_1_320' title='bbox 315 3998 342 4042; x_wconf 92' lang='lat' dir='ltr'><strong>ct</strong></span> <span class='ocrx_word' id='word_1_321' title='bbox 359 3989 463 4042; x_wconf 86' lang='lat' dir='ltr'><strong>traditis</strong></span> <span class='ocrx_word' id='word_1_322' title='bbox 483 3989 524 4040; x_wconf 89' lang='lat' dir='ltr'><strong>his</strong></span> <span class='ocrx_word' id='word_1_323' title='bbox 542 3989 571 4038; x_wconf 92' lang='lat' dir='ltr'><strong>in</strong></span> <span class='ocrx_word' id='word_1_324' title='bbox 592 4001 683 4039; x_wconf 89' lang='lat' dir='ltr'><strong>manus</strong></span> <span class='ocrx_word' id='word_1_325' title='bbox 704 3987 901 4040; x_wconf 87' lang='lat' dir='ltr'><strong>haereticorum</strong></span> <span class='ocrx_word' id='word_1_326' title='bbox 918 3987 1031 4039; x_wconf 86' lang='lat' dir='ltr'><strong>iussisse</strong></span> <span class='ocrx_word' id='word_1_327' title='bbox 1049 4002 1125 4056; x_wconf 86' lang='lat' dir='ltr'><strong>quam</strong></span> <span class='ocrx_word' id='word_1_328' title='bbox 1146 3985 1288 4037; x_wconf 88' lang='lat' dir='ltr'><strong>celerrime</strong></span> <span class='ocrx_word' id='word_1_329' title='bbox 1307 3983 1413 4037; x_wconf 88' lang='lat' dir='ltr'><strong>turbam</strong></span> 
     </span>
     <span class='ocr_line' id='line_1_38' title="bbox 314 4057 1412 4126; baseline -0.008 -12"><span class='ocrx_word' id='word_1_330' title='bbox 314 4061 498 4114; x_wconf 88' lang='lat' dir='ltr'><strong>conviciorum</strong></span> <span class='ocrx_word' id='word_1_331' title='bbox 517 4058 728 4126; x_wconf 87' lang='lat' dir='ltr'><strong>turpissimorum</strong></span> <span class='ocrx_word' id='word_1_332' title='bbox 754 4060 782 4110; x_wconf 91' lang='lat' dir='ltr'><strong>in</strong></span> <span class='ocrx_word' id='word_1_333' title='bbox 802 4059 909 4126; x_wconf 89' lang='lat' dir='ltr'><strong>scriptis</strong></span> <span class='ocrx_word' id='word_1_334' title='bbox 934 4058 1015 4110; x_wconf 83' lang='lat' dir='ltr'><strong>efflei.</strong></span> <span class='ocrx_word' id='word_1_335' title='bbox 1053 4059 1101 4111; x_wconf 88' lang='lat' dir='ltr'><strong>sed</strong></span> <span class='ocrx_word' id='word_1_336' title='bbox 1119 4071 1189 4109; x_wconf 86' lang='lat' dir='ltr'><strong>auno</strong></span> <span class='ocrx_word' id='word_1_337' title='bbox 1209 4071 1263 4108; x_wconf 93' lang='lat' dir='ltr'><strong>uno</strong></span> <span class='ocrx_word' id='word_1_338' title='bbox 1281 4071 1313 4108; x_wconf 88' lang='lat' dir='ltr'><strong>ac</strong></span> <span class='ocrx_word' id='word_1_339' title='bbox 1330 4057 1412 4108; x_wconf 90' lang='lat' dir='ltr'><strong>dimi.</strong></span> 
     </span>
     <span class='ocr_line' id='line_1_39' title="bbox 250 4127 1412 4200; baseline -0.008 -16"><span class='ocrx_word' id='word_1_340' title='bbox 250 4172 256 4184; x_wconf 78' lang='grc'><strong><em>,</em></strong></span> <span class='ocrx_word' id='word_1_341' title='bbox 313 4133 357 4186; x_wconf 93' lang='lat' dir='ltr'><strong>dio</strong></span> <span class='ocrx_word' id='word_1_342' title='bbox 376 4129 560 4200; x_wconf 89' lang='lat' dir='ltr'><strong>praeterlapso</strong></span> <span class='ocrx_word' id='word_1_343' title='bbox 582 4130 669 4182; x_wconf 88' lang='lat' dir='ltr'><strong>inanis</strong></span> <span class='ocrx_word' id='word_1_344' title='bbox 696 4140 722 4184; x_wconf 92' lang='lat' dir='ltr'><strong>et</strong></span> <span class='ocrx_word' id='word_1_345' title='bbox 746 4129 889 4183; x_wconf 77' lang='lat' dir='ltr'><strong>infecunda</strong></span> <span class='ocrx_word' id='word_1_346' title='bbox 908 4131 1135 4200; x_wconf 85' lang='lat' dir='ltr'><strong>exspectationum</strong></span> <span class='ocrx_word' id='word_1_347' title='bbox 1160 4135 1249 4180; x_wconf 89' lang='lat' dir='ltr'><strong>aestus</strong></span> <span class='ocrx_word' id='word_1_348' title='bbox 1274 4127 1309 4179; x_wconf 88' lang='lat' dir='ltr'><strong>iis</strong></span> <span class='ocrx_word' id='word_1_349' title='bbox 1330 4127 1412 4180; x_wconf 85' lang='lat' dir='ltr'><strong>eido.</strong></span> 
     </span>
     <span class='ocr_line' id='line_1_40' title="bbox 316 4198 1412 4270; baseline -0.007 -13"><span class='ocrx_word' id='word_1_350' title='bbox 316 4205 380 4267; x_wconf 87' lang='lat' dir='ltr'><strong>ruit,</strong></span> <span class='ocrx_word' id='word_1_351' title='bbox 402 4211 429 4254; x_wconf 92' lang='lat' dir='ltr'><strong>et</strong></span> <span class='ocrx_word' id='word_1_352' title='bbox 447 4202 517 4270; x_wconf 89' lang='lat' dir='ltr'><strong>quod</strong></span> <span class='ocrx_word' id='word_1_353' title='bbox 537 4202 623 4253; x_wconf 89' lang='lat' dir='ltr'><strong>estin</strong></span> <span class='ocrx_word' id='word_1_354' title='bbox 642 4203 786 4270; x_wconf 88' lang='lat' dir='ltr'><strong>proverbio</strong></span> <span class='ocrx_word' id='word_1_355' title='bbox 799 4201 866 4255; x_wconf 91' lang='lat' dir='ltr'><strong>illud</strong></span> <span class='ocrx_word' id='word_1_356' title='bbox 877 4204 1050 4270; x_wconf 87' lang='lat' dir='ltr'><strong>conspicuum</strong></span> <span class='ocrx_word' id='word_1_357' title='bbox 1063 4208 1138 4252; x_wconf 82' lang='lat' dir='ltr'><strong>erat:</strong></span> <span class='ocrx_word' id='word_1_358' title='bbox 1157 4198 1322 4267; x_wconf 83' lang='lat' dir='ltr'><strong>parturiebat</strong></span> <span class='ocrx_word' id='word_1_359' title='bbox 1340 4201 1412 4250; x_wconf 88' lang='lat' dir='ltr'><strong>euim</strong></span> 
     </span>
     <span class='ocr_line' id='line_1_41' title="bbox 315 4266 1413 4344; baseline -0.01 -15"><span class='ocrx_word' id='word_1_360' title='bbox 315 4283 346 4328; x_wconf 85' lang='lat' dir='ltr'><strong>ut</strong></span> <span class='ocrx_word' id='word_1_361' title='bbox 358 4267 439 4344; x_wconf 31' lang='lat' dir='ltr'><strong>,aiunt</strong></span> <span class='ocrx_word' id='word_1_362' title='bbox 456 4287 533 4324; x_wconf 89' lang='lat' dir='ltr'><strong>mous</strong></span> <span class='ocrx_word' id='word_1_363' title='bbox 549 4279 577 4323; x_wconf 90' lang='lat' dir='ltr'><strong>et</strong></span> <span class='ocrx_word' id='word_1_364' title='bbox 597 4276 691 4343; x_wconf 78' lang='lat' dir='ltr'><strong>genuit</strong></span> <span class='ocrx_word' id='word_1_365' title='bbox 709 4289 830 4339; x_wconf 87' lang='lat' dir='ltr'><strong>murem;</strong></span> <span class='ocrx_word' id='word_1_366' title='bbox 849 4277 920 4326; x_wconf 90' lang='lat' dir='ltr'><strong>etin</strong></span> <span class='ocrx_word' id='word_1_367' title='bbox 940 4273 1070 4325; x_wconf 90' lang='lat' dir='ltr'><strong>carbones</strong></span> <span class='ocrx_word' id='word_1_368' title='bbox 1090 4266 1209 4323; x_wconf 87' lang='lat' dir='ltr'><strong>abierant</strong></span> <span class='ocrx_word' id='word_1_369' title='bbox 1222 4270 1341 4322; x_wconf 85' lang='lat' dir='ltr'><strong>thesauri</strong></span> <span class='ocrx_word' id='word_1_370' title='bbox 1361 4287 1413 4322; x_wconf 86' lang='lat' dir='ltr'><strong>ex.</strong></span> 
     </span>
     <span class='ocr_line' id='line_1_42' title="bbox 313 4341 1412 4418; baseline -0.005 -16"><span class='ocrx_word' id='word_1_371' title='bbox 313 4343 427 4418; x_wconf 86' lang='lat' dir='ltr'><strong>spectati</strong></span> <span class='ocrx_word' id='word_1_372' title='bbox 437 4357 445 4410; x_wconf 78' lang='grc' dir='ltr'><strong><em>ς</em></strong></span> <span class='ocrx_word' id='word_1_373' title='bbox 473 4349 501 4396; x_wconf 89' lang='lat' dir='ltr'><strong>ct</strong></span> <span class='ocrx_word' id='word_1_374' title='bbox 518 4358 587 4414; x_wconf 85' lang='lat' dir='ltr'><strong>quas</strong></span> <span class='ocrx_word' id='word_1_375' title='bbox 606 4343 640 4398; x_wconf 90' lang='lat' dir='ltr'><strong>de</strong></span> <span class='ocrx_word' id='word_1_376' title='bbox 667 4345 819 4400; x_wconf 85' lang='lat' dir='ltr'><strong>huiusmodi</strong></span> <span class='ocrx_word' id='word_1_377' title='bbox 838 4361 902 4410; x_wconf 81' lang='lat' dir='ltr'><strong>casp</strong></span> <span class='ocrx_word' id='word_1_378' title='bbox 922 4344 1076 4400; x_wconf 76' lang='lat' dir='ltr'><strong>ferebantur</strong></span> <span class='ocrx_word' id='word_1_379' title='bbox 1092 4342 1237 4412; x_wconf 81' lang='lat' dir='ltr'><strong>proverbia</strong></span> <span class='ocrx_word' id='word_1_380' title='bbox 1256 4341 1337 4396; x_wconf 81' lang='lat' dir='ltr'><strong>facile</strong></span> <span class='ocrx_word' id='word_1_381' title='bbox 1358 4341 1412 4396; x_wconf 89' lang='lat' dir='ltr'><strong>iam</strong></span> 
     </span>
    </p>
   </div>
   <div class='ocr_carea' id='block_1_5' title="bbox 0 0 1596 5100">
    <p class='ocr_par' dir='ltr' id='par_1_8' title="bbox 0 0 1596 5100">
     <span class='ocr_line' id='line_1_43' title="bbox 0 0 1596 5100; baseline 0 0"><span class='ocrx_word' id='word_1_382' title='bbox 0 0 1596 5100; x_wconf 95' lang='lat' dir='ltr'><strong> </strong></span> 
     </span>
    </p>
   </div>
  </div>
 </body>
</html>
