3184 5100
282 376 532 450 -αιετοοιικ
556 374 817 449 summinio
833 315 934 447 xxx(
953 358 1140 448 53-66.
1200 370 1274 449 ool

177 567 267 633 νηιος
289 544 305 610 3
327 546 471 631 γεννητὸς
492 548 567 613 ποτὲ
586 546 641 612 καί
661 540 755 611 πάνθ’
783 539 907 630 ὁμοίως,
926 539 987 609 ὅσα
1008 534 1168 629 δήπουθεν
1189 543 1279 608 οἷντί-
1334 552 1341 597 ἰ

178 671 293 727 κειται,
316 646 431 732 γνῶσις
453 651 508 714 καί
527 648 569 732 μή
593 650 727 732 γνῶσις,
762 641 897 724 δύναμίς
926 644 1038 709 τεκαὶ
1065 644 1110 728 μή
1134 645 1280 726 δυ’ναμις,

179 752 234 815 καί
254 750 344 834 τοίγε
366 748 468 834 δήπου
492 746 700 835 παραπλήσια
723 750 788 813 τοῖν
822 744 952 812 α’τόπαν
973 750 1029 830 τῆς
1051 745 1196 828 ἀσεβείας
1217 746 1279 833 ῥη-

176 849 298 933 μάτων.
342 846 389 916 ὅτι
422 856 457 918 δὲ
487 853 746 936 καταχρηστικῶς
777 847 810 913 τό
840 845 931 930 ἔχειν
960 850 1017 914 ε’πί
1039 852 1120 913 θεοῦ
1144 854 1277 932 λέγεται,

151 955 317 1019 ὁδείκνυσι
343 956 400 1019 νῦν
424 958 478 1018 καί
499 950 515 1019 3
537 958 625 1029 θεῖος
647 950 887 1036 Χρυσόστομος,
909 953 1007 1032 λέγων
1021 947 1121 1015 “δ’ταν
1141 951 1280 1039 ἀκούσῃς

179 1048 226 1119 ὅτι
248 1078 354 1137 ωσπερ
374 1054 389 1121 3
411 1053 517 1151 πατήρ
541 1050 689 1142 ε’νὲαοτῳ
676 1051 837 1138 ζοοήν”
819 1076 907 1139 εχει,
929 1049 1027 1129 οὕτως
1049 1052 1146 1119 ἔδακε
1169 1056 1224 1119 καί
1239 1058 1281 1143 τῷ

177 1153 239 1243 cipi
266 1152 393 1241 ζωήν”
373 1181 458 1239 εχειν
486 1157 540 1220 καὶ
565 1156 711 1236 ἐξουσίαν
733 1154 831 1238 ἔχειν,
862 1156 906 1238 μή
930 1154 1081 1220 σύνθεσιν
1101 1154 1281 1243 ὑπολάβῃς·

175 1254 293 1340 ’μηδ’
277 1282 354 1323 οταν
376 1256 525 1377 α’κοήσης
539 1254 585 1322 ὅτι
608 1260 641 1322 ἐν
661 1260 763 1342 ου’τῳ
773 1250 882 1340 ζοοή’
863 1281 916 1381 ην,
939 1255 1070 1379 νομίσης
1089 1251 1139 1320 ὅτι
1162 1256 1282 1321 σύνθε-

177 1382 231 1435 τος
252 1352 305 1443 ἦν·
350 1357 471 1443 προϊοδν
490 1354 551 1441 γὰρ
574 1363 670 1443 φησίν
694 1355 752 1439 ἐγώ
778 1359 843 1438 εἰιιι
863 1358 883 1440 ή
907 1357 1001 1440 ζοιή.ι
1024 1353 1182 1423 οδστεθου
1203 1358 1283 1439 poa·
1292 1368 1347 1420 56

133 1456 412 1545 1οκηματοδδης“
394 1486 412 1541 η
442 1457 540 1545 σοφία
565 1460 731 1522 κοίνταδθα
754 1458 992 1543 ἀναπέφανται,
1015 1460 1151 1540 λέγουσα
1174 1484 1281 1543 παρα

177 1563 319 1643 πλησίας
350 1558 495 1641 καθάπερ
523 1558 576 1623 ε’πί
605 1556 781 1643 ἀνθρώπου
812 1557 867 1622 καί
897 1561 1011 1639 λίθου,
1043 1552 1126 1624 οὕτω
1149 1567 1204 1623 καί
1224 1562 1282 1625 ιοῦ

177 1664 259 1725 θεοῦ
279 1658 333 1744 τήν
357 1660 470 1725 οδσιάν
491 1657 571 1741 μετὰ
594 1661 656 1724 τοῖν
677 1664 823 1745 φυσικῶν
844 1664 919 1745 περί
942 1660 1041 1744 αδτήν
1064 1660 1189 1726 πάντων
1202 1668 1283 1727 ovi·
1293 1670 1311 1724 l.
1323 1667 1403 1726 1443

178 1759 405 1843 λαμβάνεσθαι
438 1770 502 1837 τοῖς
536 1759 702 1845 ὁρίζεσθαι
725 1764 878 1826 θέλουσι·
931 1760 966 1824 εδ
990 1759 1052 1844 γὰρ
1075 1764 1110 1827 ἐκ
1131 1762 1282 1829 τοιούτων

179 1864 385 1957 συγκείμενον
407 1862 526 1947 οἷμερὲς
545 1866 603 1926 οο’κ
626 1853 665 1925 δν
687 1859 754 1945 ειή,
778 1863 849 1925 o33'
870 1858 1000 1943 ἁπλοῦν,
1023 1862 1102 1926 ἄλλο’
1123 1861 1282 1945 σύνθετον,

133 1962 239 2039 15κοῖξ
262 1952 306 2027 ὧν
328 1966 512 2033 συντίθεται
535 1956 757 2045 μεριζόμενον
814 1962 830 2026 3
853 1965 888 2027 δὲ
912 1965 951 2049 τῇ
972 1964 1091 2047 ἀμερεῖ
1108 1967 1207 2053 ε’κείνη
1230 1970 1285 2030 καί
1306 2039 1309 2046 ⁴

179 2068 255 2151 θείη
286 2060 385 2149 φύσει
418 2066 624 2148 προστιθέναι
644 2063 855 2146 πειρώμενος,
877 2055 899 2151 ᾗ
919 2061 1015 2149 φύσει
1037 2061 1185 2150 πρόσεστι
1205 2067 1281 2149 μήτ’
1338 2061 1347 2100 '·

178 2158 335 2243 αὔξεσθαι
356 2164 436 2250 μήτε
452 2170 636 2247 μειοῦσθαι,
659 2169 785 2249 λέληθε,
805 2164 840 2229 τό
853 2190 889 2247 γε
913 2157 987 2249 ήκον
1006 2169 1050 2242 εἰς
1066 2164 1173 2248 ου’τόν,
1186 2171 1280 2233 ε’λατ-

141 2260 144 2267 ’
178 2268 243 2331 rso»
263 2268 322 2347 μὲν
345 2274 386 2354 τῇ
408 2264 574 2354 προσθήκῃ
607 2264 664 2355 τήν
700 2269 756 2349 τής
780 2265 906 2352 φύσεως
941 2265 1098 2348 δύναμιν,
1125 2264 1231 2349 αὔξειν
1251 2276 1281 2334 δ’

177 2361 293 2449 ήκιστα
316 2370 441 2431 πάντων
457 2366 640 2449 δυνάμενος,
666 2363 687 2450 ή
708 2370 869 2451 μηδεμιᾶς
890 2361 957 2432 οὔτ’
971 2370 1088 2455 ἐδεήθη
1109 2372 1185 2435 ποτὲ
1208 2367 1281 2437 οὔτε

128 2484 169 2541 20
178 2465 326 2552 δεήσεται
348 2466 530 2554 προσθήκης
563 2463 817 2556 ήδραιρέοεως,
841 2468 977 2546 οὐδενὸς
998 2465 1085 2547 ὄντος
1105 2464 1144 2535 οὗ
1167 2470 1282 2556 δεήσε-
1346 2537 1349 2542 ,

177 2573 234 2636 ταί
252 2573 318 2636 ποτ’
339 2569 419 2656 ου’τή
444 2574 608 2657 πληροῦσα
631 2570 668 2636 νδ
697 2570 880 2639 notescunt
899 2577 1001 2661 μηδὲν
1022 2573 1112 2651 ε’κτδς
1135 2578 1222 2642 ἐοῖσα
1242 2576 1276 2642 ιδ

176 2669 342 2758 παροίνιον.

180 2935 277 3010 quibus
297 2935 467 3002 acciderunt3
499 2937 540 2990 sin
569 2945 656 2990 autem
686 2951 745 2992 esse
763 2943 867 3011 potest,
896 2939 948 2991 erit
971 2944 1115 3009 generatus
1135 2939 1282 3011 aliquando

131 3013 135 3016 ’
180 3012 260 3063 etiam
289 3025 343 3062 non
371 2977 528 3080 gener3tus,
560 3017 587 3062 et
605 3011 693 3062 omnia
722 3009 804 3063 simili
829 3011 934 3063 ratione
961 3026 1135 3080 quaecunque
1155 3015 1279 3099 opposita

180 3091 251 3146 sunt,
273 3083 391 3151 cognitio
411 3089 438 3133 et
457 3095 525 3151 quoe
543 3095 597 3133 non
619 3091 659 3134 est
678 3083 814 3151 cognitio,
833 3084 875 3135 vis
903 3088 929 3133 et
948 3099 1019 3168 'quae
1040 3091 1152 3134 estnon
1171 3087 1230 3150 vis,
1252 3093 1279 3136 et

181 3171 251 3222 quae
270 3153 367 3205 similia
387 3163 448 3206 sunt
467 3169 500 3204 ex
518 3155 618 3221 ineptis
635 3156 780 3222 impietatis
802 3155 921 3207 verbis.
946 3155 1092 3222 improprie
1117 3163 1205 3206 eutem
1223 3123 1277 3208 lio.

179 3227 248 3278 bere
272 3227 305 3277 de
324 3225 374 3277 deo
393 3225 445 3276 dici
471 3227 634 3278 demonstrat
656 3241 727 3279 nunc
754 3227 832 3278 etiem
852 3227 958 3279 divinus
984 3225 1206 3292 chrysostomus,
1234 3229 1279 3279 di.

182 3313 268 3349 cens:
295 3297 462 3349 comoedias
483 3307 584 3364 patrem
604 3299 673 3350 sicut
691 3300 718 3350 in
740 3315 770 3351 se
789 3297 887 3350 habeat
914 3299 994 3350 vitam
1013 3298 1050 3348 ita
1069 3297 1175 3348 dedisse
1196 3298 1276 3350 etiam

181 3369 238 3422 {ilio
258 3377 288 3420 ut
306 3371 387 3421 vitam
408 3369 504 3421 habeat
523 3377 549 3420 et
568 3369 720 3420 facultatem
740 3369 850 3436 habeat,
871 3387 907 3422 ue
935 3370 1081 3437 suspiceris
1101 3371 1298 3439 compositio.x
1328 3400 1331 3409 ι

180 3457 252 3505 uem,
273 3455 345 3492 neve
365 3457 422 3491 oum
443 3441 534 3493 audias
558 3441 585 3491 in
612 3455 644 3492 eo
661 3441 747 3492 luisse
774 3443 856 3494 vitam
876 3442 994 3509 opineris
1023 3442 1197 3508 compositum
1218 3457 1276 3492 eum

182 3514 276 3576 luisse,
295 3513 471 3581 progrediens
491 3513 559 3564 enim
586 3511 637 3577 ait,
658 3527 709 3580 ego
727 3529 783 3563 sum
804 3515 875 3577 vita3
900 3516 938 3564 ita
955 3521 985 3564 ut
1003 3511 1078 3564 brute
1102 3513 1159 3564 visa
1178 3514 1213 3564 sit
1231 3528 1277 3563 sa-

181 3586 285 3669 pientia
303 3593 348 3636 tua
368 3585 447 3635 etiam
467 3583 520 3648 hic,
539 3585 630 3636 dicens
643 3584 723 3636 simili
741 3586 846 3636 ratione
859 3593 938 3653 atque
957 3585 985 3634 in
1006 3584 1113 3634 homine
1133 3592 1160 3634 et
1177 3584 1277 3652 lapide,
1360 3573 1369 3591 '

181 3659 221 3708 ita
240 3657 317 3707 etiam
337 3655 380 3706 dci
400 3658 543 3709 essentiam
570 3657 700 3720 eumilo,
728 3671 798 3724 quae
816 3673 832 3708 a
850 3661 944 3708 natura
968 3657 995 3706 in
1022 3655 1278 3719 mellicensibus

183 3727 373 3794 comprehendi
392 3727 424 3778 ab
454 3729 487 3778 iis
509 3728 553 3795 qui
580 3743 636 3778 eom
662 3727 773 3778 delinire
798 3728 894 3781 velint
938 3728 1009 3802 qnod
1038 3727 1107 3777 enim
1129 3727 1277 3779 extalibus

182 3807 296 3862 constat,
316 3813 370 3850 nou
391 3807 431 3850 est
451 3799 610 3851 indivisum:
634 3813 723 3868 neque
748 3800 879 3867 simplex,
910 3800 957 3850 sed
978 3788 1172 3866 compositum:
1201 3808 1230 3851 et¹
1246 3800 1279 3850 iis

183 3885 218 3923 ex
243 3870 337 3938 quibus
360 3872 528 3937 componitur
554 3871 685 3934 divisum,
713 3872 764 3937 qui
779 3879 868 3922 notem
894 3871 1027 3922 indivisae
1052 3867 1094 3920 illi
1127 3879 1154 3921 et
1172 3872 1279 3924 divinae

180 3949 293 3994 naturae
313 3942 431 3994 adiicere
451 3942 552 4010 aliquid
572 3949 695 4006 conatur,
715 3941 758 3992 cui
776 3959 792 3994 ο
812 3950 907 3993 natura
926 3943 1062 4008 proprium
1085 3949 1126 3993 est
1144 3951 1173 3994 ot
1190 3959 1280 4012 neque

181 4022 312 4082 angeatur
331 4029 420 4082 neque
438 4015 589 4079 minuatur,
615 4029 674 4064 eum
700 4013 770 4080 sugit
789 4014 861 4077 hoc,
882 4013 952 4082 quod
972 4015 1012 4064 illi
1033 4014 1143 4064 accedat
1159 4017 1281 4067 minuere

180 4087 340 4139 accessione
357 4093 468 4137 naturae
488 4087 560 4150 vien,
590 4095 648 4136 cum
668 4086 775 4136 minime
800 4087 887 4152 possit
905 4101 1004 4153 augere
1025 4101 1098 4151 eam,
1118 4102 1187 4154 quae
1206 4087 1282 4139 nollo

179 4173 272 4226 neque
290 4157 405 4226 indiguit
429 4171 545 4225 unquam
575 4173 664 4226 neque
689 4155 821 4225 indigebit
849 4159 1006 4209 accessione
1032 4165 1079 4208 aut
1105 4159 1282 4220 detractione,

171 4224 243 4282 'cum
264 4227 334 4279 nihil
354 4227 469 4281 futurum
489 4231 532 4292 sit,
552 4243 605 4296 quo
624 4227 745 4297 indigeat
763 4243 878 4297 unquam
888 4229 937 4281 illa
955 4231 1014 4298 ipsa
1024 4227 1140 4296 implens
1155 4233 1283 4283 universa

179 4315 272 4371 neque
292 4302 400 4352 omnino
419 4302 562 4370 quidquem
581 4307 655 4353 extra
672 4315 703 4355 se
729 4315 789 4356 esse
811 4302 911 4355 sinens.

465 4461 470 4488 l
