3184 5100
247 388 471 458 msronnn
493 388 750 457 nmmnmn
767 392 908 458 xxxvi.
933 370 1122 457 λιν-δε.
1182 381 1256 455 ιω

161 549 223 637 ρέα
241 552 288 639 τῷ
309 554 365 636 τῆς
389 550 757 627 Κωνσταντινουπόλεως
786 548 953 617 ὖπείκοντα
981 551 1099 637 θρόνῳ,
1121 550 1177 613 καί
1196 547 1257 614 tirio

158 652 271 717 τούτου
293 651 334 717 τὰ
353 651 474 737 νόμιμα
498 651 652 734 δέχεσθαι
673 656 728 737 τῆς
751 651 853 737 ἀρχῆς
882 641 945 737 τῆς
959 653 1190 735 πνευματικῆς·
1214 644 1260 713 εἶ-

159 778 216 817 ναι
235 756 264 817 δ’
288 752 382 818 αὐτόν
403 753 459 824 καί
478 755 533 830 νῦν
550 754 609 837 μὲν
627 754 661 818 ἐκ
683 756 745 817 τῶν
764 754 842 839 τῇδε
865 750 989 837 φόντων
1011 749 1092 834 όμοῦ
1113 752 1169 816 καί
1181 750 1260 836 τρα-

162 854 294 941 φέντων,
311 851 488 938 ἀμοιβαδὸν
500 852 555 939 τὴν
570 856 640 919 ἐκεῖ
649 854 826 940 προεδρίαν
843 850 895 917 ἀεί
915 853 1159 935 διαδεχομένων,
1180 847 1261 935 μετὰ
1334 936 1338 945 Ι

129 954 216 1022 5τόν
239 954 393 1042 προτέρου
415 956 552 1021 θόνατον
574 955 757 1042 παραλλόξ,
777 950 883 1029 ‹sistit›
904 951 939 1018 τό
961 961 1026 1019 τοῖν
1050 955 1139 1018 δυοῖν
1159 958 1261 1038 μενεῖν

163 1056 307 1141 συναφὲς
328 1042 446 1121 eirene
461 1056 688 1139 βεβαιούμενον
710 1054 766 1120 καί
786 1054 979 1140 κυροόμενον
999 1054 1208 1138 βεβαιοτέραν
1228 1054 1261 1127 ἐς

160 1152 196 1218 τό
222 1154 378 1239 ἀκήρατόν
392 1178 441 1239 ιτε
472 1155 527 1219 καί
562 1155 735 1242 ἀκραιφνὲς
763 1157 820 1220 καί
846 1152 903 1238 την
932 1156 988 1237 τῆς
1016 1153 1153 1229 πίστεως
1179 1153 1260 1235 σόμ-

161 1254 344 1341 πνοιανέχη
358 1257 525 1343 φυλάττειν
547 1256 597 1321 ἀεὶ
617 1256 672 1320 καί
689 1255 912 1339 μονιμωτέραν
924 1251 979 1338 την
1000 1252 1182 1319 οὐσίανκαὶ
1206 1251 1261 1317 δό-

160 1380 266 1440 ναμιν.
311 1356 366 1419 καί
388 1356 438 1420 ἵνα
459 1356 517 1421 τόν
538 1364 625 1443 μέσην
647 1359 811 1443 παρέλθω,
834 1357 889 1440 τῆς
902 1354 1075 1439 ἐνεστώσης
1097 1352 1182 1439 ἡμᾶς
1207 1355 1327 1418 ‹iv-u

110 1456 401 1543 1Οτιπερισποόσης
416 1455 482 1541 ἅμα
506 1458 561 1523 καί
576 1457 789 1543 ἀνθελκοόσης
810 1457 934 1543 χρείας,
956 1450 995 1539 ἦν
1017 1453 1082 1540 πρό
1102 1457 1181 1519 ἐτῶν
1199 1451 1261 1539 ἤδη

163 1560 293 1637 συχνῶν
320 1559 353 1629 ἐκ
375 1562 437 1623 τῶν
459 1562 535 1623 καθ’
560 1556 646 1643 ἡμᾶς
670 1560 861 1645 Ναζιραίων
883 1559 985 1623 ἐκεῖσε
1008 1558 1170 1644 πεμφθείς
1191 1557 1262 1621 ἐπί-

162 1682 295 1736 σκοπος,
332 1656 459 1734 συνετός
488 1656 566 1743 ἀνὴρ
603 1660 658 1723 καί
690 1657 853 1744 θεοφιλής,
877 1658 1079 1742 Θεόηνωστος
1100 1652 1260 1738 τοῦνομα·

162 1758 218 1823 καί
240 1754 280 1842 ἦν
306 1759 606 1846 ἀπσκεκληρωμένον
627 1761 660 1823 ἐκ
682 1760 803 1823 πολλοῦ
830 1761 885 1822 τοῦ
905 1758 1133 1844 παρφχηκότος
1153 1759 1260 1843 ἐκείνην

161 1861 208 1945 epi
233 1858 337 1924 ἐθνει.
354 1859 480 1943 τέμενος
502 1858 588 1946 ἱερόν
610 1862 654 1936 εἰς
671 1859 866 1946 μητρόπολιν
889 1858 1044 1943 Κόγεβον·
1056 1856 1176 1923 οότωσί
1194 1882 1263 1933 πως

111 1958 371 2041 15καλοόμενον,
423 1955 441 2022 δ
466 1958 504 2042 δὴ
527 1957 588 2045 πρό
608 1959 748 2043 βραχέος
780 1958 1023 2043 ἐπιδραμόντων
1044 1960 1182 2022 Σκυθῶν
1200 1960 1263 2021 τῶν

160 2060 370 2144 βσρειοτέρων
401 2060 517 2145 ἐρημία
549 2058 631 2123 κατὰ
657 2056 727 2142 την.
745 2058 921 2145 παροιμίαν
950 2058 1083 2143 κατέστη
1115 2061 1262 2135 Σκυθῶν,

162 2154 205 2235 ὥς
232 2162 349 2243 μηκέθ’
383 2158 490 2223 ἱκανόν
524 2160 570 2234 εἰς
605 2159 780 2246 προεδρίαν
813 2158 869 2224 καί
904 2160 1020 2245 θρόνον
1057 2155 1143 2236 ἄξιον
1180 2151 1263 2221 εἶναι
1356 2162 1362 2177 ‘

160 2262 217 2323 τοῦ
246 2262 302 2343 τῆς
337 2262 510 2344 καθολικῆς
539 2260 713 2325 ἐπισκόπου
741 2257 888 2336 Ῥωσίας.
944 2258 993 2324 διό
1022 2261 1077 2324 καί
1101 2259 1326 2342 μεταθέσ-Ιὸ

161 2364 222 2423 θαι
255 2358 289 2425 τό
330 2362 440 2445 σχῆμα
476 2364 532 2445 τῆς
567 2362 791 2449 μητροπόλεως
830 2360 948 2447 ἀνάγκη
980 2360 1142 2447 γεγένηται
1182 2358 1263 2445 πρός

110 2469 152 2526 20
162 2460 269 2547 ἕτερόν
289 2483 359 2526 τινα
384 2464 424 2547 τῇ
457 2462 603 2549 παροόση
635 2464 832 2548 προσήκοντα
861 2464 958 2553 χρείη
981 2463 1086 2527 τόπον.
1136 2458 1171 2527 τό
1200 2459 1262 2547 γὰρ

162 2561 256 2638 ἐθνος
277 2559 362 2627 όπαν
391 2557 491 2628 έκεῖνο
518 2567 580 2628 τοῖν
608 2561 700 2642 Ῥοός,
728 2563 1059 2651 πολυανθρωπότατόν
1087 2588 1120 2628 τε
1151 2559 1187 2628 όν
1208 2562 1265 2652 καί

162 2661 297 2740 πολλοός
326 2676 420 2740 ’τινας
450 2664 566 2743 τόπους
601 2665 658 2731 καί
686 2666 863 2753 διαφόρους
894 2667 929 2730 ἐκ
957 2665 1177 2751 παλαιοτέρων
1201 2667 1264 2728 τῶν

159 2763 289 2850 χρόνων
306 2765 486 2848 νεμόμενον,
510 2766 556 2843 εἷς
587 2773 672 2854 τρεῖς
702 2792 769 2854 που
787 2768 844 2832 καί
873 2766 1024 2854 τέτταρας
1055 2765 1142 2851 ἔφθη
1177 2767 1263 2828 διαε

134 2910 139 2918 ·
165 2865 259 2950 ρεθὲν
278 2863 335 2943 τὰς
359 2865 462 2952 όρχόις
481 2869 537 2933 καί
558 2866 728 2954 ἡγεμονίας
750 2869 784 2933 ἐκ
805 2869 933 2932 πολλοῦ.
961 2868 1073 2932 τοῦδέ
1095 2871 1186 2931 θειόυ
1209 2865 1264 2946 τῆς

114 2978 154 3033 25
164 2964 330 3054 εὐσεβείαις
370 2969 569 3054 κηρόηματος
598 2971 631 3034 ἐν
662 2966 809 3056 όστέροις
844 2973 968 3053 καιροῖς
999 2964 1265 3050 ἐπιδεδημηκότας

164 3067 248 3144 ἐκεῖ,
280 3062 321 3130 τόν
341 3069 440 3134 πλείω
470 3067 530 3152 μὲν
553 3067 656 3142 αὐτῶν
690 3067 788 3133 ου’τοό
815 3092 852 3155 ηε
880 3067 1051 3154 ἐδρόξαντο
1080 3065 1173 3152 μέρη,
1198 3062 1265 3147 ἅμα

142 3379 222 3438 ,εεόΙ
242 3378 377 3434 rnbieotno
398 3389 425 3434 et
443 3380 505 3434 inde
533 3382 677 3437 animorum
708 3385 884 3455 regendorum
901 3381 1010 3452 legibue
1035 3381 1182 3433 institutor.
1219 3378 1265 3447 qni

165 3454 244 3505 modo
265 3469 299 3505 ex
324 3461 406 3522 gente
423 3453 487 3518 illa,
507 3455 586 3510 modo
605 3472 638 3508 ex
655 3465 746 3509 nostra
765 3465 838 3508 terrn
856 3456 926 3507 notin
946 3454 1117 3521 edncntinqne
1137 3458 1197 3518 pont
1214 3466 1266 3501 nn-

166 3524 316 3576 tecedentio
336 3533 447 3577 mortem
467 3533 557 3577 mutuo
578 3528 668 3580 oedem
683 3537 806 3596 occupet,
824 3529 863 3579 ito
881 3536 911 3579 nt
931 3527 1001 3578 inter
1021 3526 1085 3576 (inno
1103 3530 1199 3591 genten
1217 3522 1266 3572 iir-

167 3596 236 3646 mior
254 3596 406 3648 coniunctio
434 3603 460 3648 et
478 3597 579 3650 iirmior
605 3607 723 3666 potestne
750 3600 780 3652 nd
801 3601 982 3668 incorruptam
1010 3605 1037 3647 et
1055 3596 1185 3647 sincerem
1203 3591 1267 3644 fidoi

167 3666 295 3717 unitatem
314 3669 469 3720 conservari
488 3671 583 3734 potnit.
620 3678 700 3739 etque
718 3678 748 3722 ut
764 3671 908 3721 remotiora
932 3669 1058 3731 omittam,
1079 3665 1156 3716 hniun
1175 3664 1266 3730 operio

167 3738 330 3788 necessitate
348 3738 458 3803 ductus,
483 3739 534 3791 fuit
562 3757 595 3792 ex
616 3741 683 3794 ilino
704 3743 791 3794 minois
810 3741 954 3799 iinnnrnein
983 3739 1028 3807 qni
1048 3737 1117 3803 epod
1136 3751 1186 3787 not
1205 3740 1267 3786 tuni

170 3808 311 3876 epiecopus
330 3810 434 3872 miseno,
455 3813 497 3862 vir
515 3813 631 3878 prudent
656 3821 684 3866 et
704 3815 764 3880 pius
788 3814 897 3864 nomine
920 3810 1115 3878 Theognoetno.
1151 3807 1214 3858 inde
1232 3805 1266 3856 nh

169 3878 317 3945 longinquo
337 3887 457 3948 tempore
477 3885 552 3948 genti
570 3883 612 3934 illi
632 3884 746 3936 eiectum
768 3892 826 3936 eret
847 3882 974 3950 templum
994 3880 1123 3948 quoddam
1142 3887 1267 3945 tanquam

170 3957 249 4015 eaput
278 3948 406 4015 iiybedon
433 3953 606 4006 nominatum.
644 3956 714 4024 qnod
741 3955 819 4007 brevi
843 3963 921 4007 nnten
947 3950 1134 4005 invadentibus
1159 3948 1266 4015 Scythis

169 4020 432 4087 septentrionalibus
453 4023 586 4076 desertum
605 4033 635 4078 nt
655 4026 753 4078 dieitur
772 4027 870 4078 iactum
890 4032 939 4087 ent,
958 4032 987 4075 nt
1004 4022 1117 4089 emplius
1139 4019 1267 4072 catholici

168 4091 281 4144 Ruroine
301 4091 421 4160 episcopi
440 4094 503 4144 rede
518 4095 624 4164 dignum
634 4112 688 4148 non
709 4105 789 4150 erret.
809 4096 977 4165 quemobrem
990 4092 1158 4160 metropolim
1176 4101 1267 4144 trono-

170 4162 234 4215 ierri
253 4177 367 4214 necesse
387 4171 445 4215 emt
464 4165 491 4215 in
510 4165 592 4218 olium
610 4167 698 4219 loeum
717 4169 749 4220 nd
774 4175 942 4236 promentem
961 4167 1148 4218 necernitntem
1167 4172 1266 4231 aptum.

169 4242 224 4287 toto
244 4233 314 4286 enim
333 4233 535 4288 illaRnorornrn
550 4253 616 4306 geno
636 4239 852 4308 frequentissimo
872 4236 1004 4291 etmultnn
1023 4244 1050 4288 et
1067 4237 1187 4288 divertor
1205 4234 1277 4289 inde,

169 4306 202 4360 ab
221 4306 337 4375 antiquio
355 4307 518 4374 temporibus
542 4311 668 4379 regiones
687 4311 809 4366 habitans
837 4312 865 4365 in
885 4311 935 4365 trin
959 4307 1005 4363 rel
1024 4316 1138 4378 qnatnor
1155 4304 1267 4374 imperit

221 4401 383 4474 receptam
404 4403 514 4476 (inopen.
543 4405 595 4462 Vol.
614 4406 669 4463 111.
1053 4407 1090 4465 3³
