3184 5100
307 424 530 494 ursxoatax
555 420 816 491 uxztuuruta
833 424 926 491 xxx.
951 406 1022 492 dl.
1059 405 1129 491 93.
1204 414 1277 489 285

179 611 253 651 υαι·
297 588 373 651 ου’δὲ
397 585 457 671 γάρ
491 586 585 672 φύσει
617 595 682 663 τοῖς
702 585 868 671 πράγμασι
899 584 938 651 τά
963 582 1115 667 α’νύματα,
1141 585 1195 649 ναί
1214 579 1278 665 μὴν

177 688 254 751 ου’δὲ
278 686 385 773 φύσις,
411 683 490 751 άλλύ
513 685 594 751 κατά
616 687 777 772 συνθήκην
800 686 854 751 rol
867 688 1056 773 συμφωνίαν
1078 686 1279 767 α’νδριύνσυ-

176 792 272 852 νετιύν
287 787 497 871 ἐπιγίγνονται
516 798 580 865 τοῖς
598 790 781 871 πράγμασιν
796 786 1036 873 αἱσημαντικαί
1050 790 1111 852 coir
1130 780 1277 871 πραγμά-

177 914 241 953 των
257 890 466 974 προσηγοριάι
487 888 565 955 κατά
589 889 644 954 τὸν
668 893 824 954 Νυσσαέα
845 892 876 954 Γ
874 889 1030 973 ριγγύριον.

149 997 167 1049 5
276 994 340 1056 Δεῖ
357 989 416 1073 γάρ
449 988 485 1054 ἔκ
518 992 645 1055 τετῶν
677 986 841 1073 ἡμετέρων
866 988 921 1053 καί
951 984 1020 1069 άμα
1043 991 1105 1053 τάν
1128 984 1343 1069 θύραθενῃ

177 1094 299 1176 σοφιύν,
320 1094 480 1177 σύμφωνα
504 1094 729 1177 φθεγγομένων
753 1093 787 1155 ἐν
806 1099 876 1167 ταῖς
898 1094 959 1156 τῶν
982 1090 1083 1171 λόγων
1104 1090 1398 1172 detergeo-mdix.

176 1202 277 1268 νικαῖς
308 1192 504 1275 ἀκριβείαις,
533 1198 575 1279 τῷ
598 1193 723 1273 άμαθεί
748 1192 804 1275 τὴν
828 1190 1037 1275 προπαίδειάν
1059 1214 1107 1255 σοι
1132 1190 1186 1272 τῆς
1207 1212 1276 1253 τοι-

179 1292 277 1375 αύτης
300 1290 472 1376 προσάγειν
501 1296 720 1376 διδασκαλίας,
742 1294 785 1366 cic
808 1288 847 1357 άν
876 1284 959 1358 ούτω
982 1296 1191 1376 δυνηθείημεν
1214 1292 1275 1371 σ’ψὲ
1370 1360 1371 1365 1

176 1395 259 1475 γούν,
272 1398 466 1459 καθικέσθαι
487 1400 542 1478 τῆς
565 1397 690 1477 σαθρᾶς
714 1398 768 1458 καί
789 1392 1014 1477 α’μαθεστάτης
1042 1416 1101 1457 σου
1125 1394 1274 1467 διανοίας.

132 1503 283 1577 τοτεῖχος
303 1492 363 1576 γάρ
387 1493 402 1556 ὁ
430 1500 530 1577 μέγας
561 1490 648 1559 εἶναί
668 1521 747 1581 φησι
775 1501 946 1569 Βασίλειος
975 1502 1041 1567 τοῖς
1067 1495 1202 1576 δόγμασι
1224 1496 1276 1575 τῆς
1301 1516 1306 1530 ·

177 1601 240 1662 τῶν
262 1598 408 1680 θύραθεν
439 1595 612 1681 ἐπιστήμης
642 1588 700 1679 τὴν
723 1593 869 1677 δύναμιν,
903 1588 961 1659 ούιι
983 1596 1086 1659 ἐούσαν
1109 1594 1189 1657 αύτά
1211 1600 1276 1669 τοῖς

179 1702 385 1776 βουλομένοις
406 1697 553 1762 εύάλωτά
567 1697 600 1761 τε
617 1702 672 1761 καί
693 1696 913 1781 εύδιάρπαστα
940 1682 1098 1779 γίνεσθαιῖ
1138 1694 1191 1757 καί
1213 1687 1277 1756 αύ-

175 1800 229 1870 θις
248 1794 264 1860 ὁ
283 1800 372 1871 θεῖος
398 1797 629 1879 Χροσύσιομος
644 1792 741 1861 “ύ’ταν
761 1802 837 1881 περί
857 1795 1021 1879 δυ’γματα”
1043 1797 1124 1879 φησί
1137 1794 1235 1879 “νοσῇ
1256 1792 1275 1875 ἧ

180 1894 273 1978 ψυχὴ
297 1894 335 1960 τά
360 1897 453 1980 νύθα,
477 1896 575 1979 πολλὴ
597 1900 656 1960 τοῦ
679 1893 772 1979 λύγου
795 1900 936 1961 ἐνταῦθα
963 1894 981 1979 ἦ
1000 1899 1107 1978 χρεία,
1135 1894 1174 1955 ου’
1196 1889 1276 1971 πρὸς

132 2009 166 2063 15
179 1993 320 2086 clansoris
342 1998 465 2063 οἰκείων
487 1997 667 2082 άσφάλειον
682 2001 788 2079 μόνον,
820 1995 901 2062 άλλά
928 2000 983 2061 καί
1005 1994 1083 2077 πρὸς
1104 1992 1178 2068 τούς
1198 1989 1275 2070 ἔξω·

177 2103 237 2161 θεν
267 2098 455 2178 nitenowe?
507 2101 562 2162 καί
580 2093 676 2174 αὖθις
699 2100 715 2162 ὁ
741 2105 828 2173 θεῖος
852 2097 1003 2179 Μάξιμος
1033 2091 1131 2177 “diga
1152 2096 1276 2176 λογικῆς

176 2195 344 2278 δυνάμεως
365 2197 608 2284 intorqueas?
629 2200 710 2285 φησί
722 2194 859 2281 ιιγνοῖσις
875 2195 933 2261 orla
954 2195 1042 2281 ἔστι,
1063 2194 1118 2258 ναί
1132 2194 1274 2277 γνιύσεως

176 2303 279 2383 χωρίς
298 2300 339 2361 ου’
357 2306 542 2365 συνίσταται
564 2300 697 2375 πίστις.”
738 2295 815 2385 ὁρᾷς
835 2297 869 2364 τὸ
891 2303 954 2363 τιύν
976 2302 1041 2363 σύν
1061 2297 1275 2381 βλασφημιῶν

177 2398 287 2480 αἴτιον,
320 2396 489 2480 ἄνθρωπε·
542 2404 637 2465 ου’δὲν
669 2400 733 2485 γάρ
762 2399 871 2483 ἕτερον
903 2395 924 2483 ἢ
950 2392 1074 2472 πάντως
1108 2395 1132 2479 ἦ
1153 2392 1275 2459 τούτων

130 2494 311 2585 andycem,
340 2506 421 2586 λέγω
451 2502 491 2586 δὴ
516 2500 573 2586 τήν
604 2507 665 2566 τάν
689 2501 837 2584 θύραθεν
860 2500 913 2566 καί
940 2505 1003 2566 τοῖν
1026 2498 1188 2584 ἡμετέρων
1210 2488 1278 2577 ύμα

178 2607 290 2689 συφούν
317 2607 373 2668 καί
400 2603 558 2687 θεολόγων
593 2605 719 2687 α’νδράν
752 2601 937 2687 ἐπιστήμην.
986 2596 1024 2686 ἢν
1054 2596 1225 2684 οἷγνοούντοὶ
1242 2620 1278 2661 σε

178 2707 237 2787 νύν
257 2706 335 2788 γοῦν
356 2707 552 2790 διδαχθῆναι
573 2703 677 2791 χρειύν
698 2707 854 2770 ἐνταυθοῖ
871 2709 945 2790 παρ’
966 2703 1065 2789 ἡμῶν.

179 3019 331 3072 nominibus
351 3027 378 3071 et
396 3018 487 3071 verbis
501 3019 586 3083 mixti,
605 3017 778 3086 nequeenim
796 3017 891 3087 gignet
908 3017 988 3070 rebus
1006 3017 1113 3070 nomina
1127 3016 1185 3070 allo
1200 3014 1278 3070 modo

179 3108 215 3145 ne
232 3100 327 3143 natura
346 3092 461 3159 quidem,
480 3091 528 3142 sed
547 3107 581 3142 ex
602 3090 793 3142 conuenientia
815 3097 841 3140 et
861 3089 1038 3140 consensione
1058 3089 1191 3140 homiuum
1211 3104 1277 3156 pru.

177 3165 432 3300 {effingam
459 3162 539 3214 rebus
559 3163 666 3213 aomina
697 3177 740 3213 res
763 3161 942 3229 significantia
970 3160 1112 3213 secuudum
1133 3161 1279 3229 Gregoram

278 3333 326 3385 Est
355 3336 425 3385 enim
452 3347 520 3400 opus
545 3350 560 3385 e
588 3334 737 3398 sapientum
764 3331 809 3398 qui
838 3329 906 3396 apud
931 3343 980 3380 nos
1008 3336 1034 3380 et
1061 3329 1130 3395 apud
1150 3336 1276 3378 externos

182 3413 244 3457 sunt
265 3405 495 3456 consentientibus
512 3407 539 3455 in
559 3403 696 3455 literarum
716 3401 864 3454 subtilitate
882 3402 959 3452 dictis
978 3400 1025 3452 tibi
1038 3399 1170 3450 inerudito
1193 3399 1278 3449 adda.

180 3493 245 3528 cere
264 3478 494 3544 praeparationem
509 3477 638 3526 eiusmodi
658 3474 843 3538 institutionis,
865 3481 894 3522 ut
908 3472 959 3522 hoc
974 3472 1052 3522 modo
1067 3470 1197 3537 possimus
1217 3477 1278 3519 tan.

179 3549 239 3598 dem
266 3547 409 3614 aliquando
433 3556 545 3611 tangere
575 3555 690 3598 mentem
726 3553 798 3596 tuam
831 3544 951 3595 obtusam
982 3551 1008 3594 ct
1036 3542 1277 3593 ineruditissimam.
1338 3545 1341 3555 ⁴

179 3634 282 3670 murum
301 3620 370 3668 enim
390 3619 539 3686 dogmatum
559 3618 675 3670 Basilius
693 3632 803 3684 magnas
824 3632 883 3667 esse
904 3615 968 3666 dicit
988 3621 1156 3665 externorum
1176 3611 1278 3662 doctri.

178 3706 232 3742 nae
252 3691 321 3753 vim,
341 3705 410 3757 qnae
429 3705 483 3740 non
503 3691 573 3741 sinat
591 3705 622 3740 ea
647 3703 663 3738 a
682 3688 804 3755 quolibet
830 3687 959 3753 exagitari
980 3693 1006 3736 et
1030 3685 1119 3750 diripi,
1140 3691 1166 3734 et
1187 3695 1277 3734 rursus

180 3763 388 3827 chrysostomus
414 3762 531 3812 divinas.
575 3775 632 3810 cum
660 3775 694 3809 ex
718 3759 864 3826 dogmatis,
895 3758 997 3825 iuquit,
1027 3762 1148 3822 aegrotat
1175 3755 1277 3805 animus

180 3833 292 3899 spuriis,
311 3840 365 3882 tum
385 3847 498 3899 magnus
516 3832 652 3882 literarum
675 3837 716 3880 est
736 3844 814 3891 usus,
840 3843 894 3878 noa
921 3828 1007 3878 solum
1027 3834 1119 3877 contra
1138 3825 1277 3876 infirmita-

180 3913 234 3956 tam
253 3904 425 3954 domesticam
444 3904 491 3954 sed
512 3904 590 3965 etjam
610 3909 703 3952 contra
723 3899 851 3951 tumultus
872 3907 1015 3950 externos:
1037 3906 1064 3949 ct
1081 3913 1172 3948 rursus
1191 3896 1278 3947 ma'xi-

179 3991 238 4027 mus
257 3975 385 4039 divinus,
414 3976 473 4026 sine
492 3974 628 4024 literarum
656 3973 700 4035 vi,
720 3971 823 4037 inquit,
841 3985 895 4020 non
914 3973 999 4021 oritur
1018 3983 1082 4021 vera
1102 3969 1231 4037 cognitio,
1252 3972 1279 4016 et

180 4049 241 4098 sine
261 4047 417 4113 cognitione
432 4061 485 4097 uon
506 4045 629 4095 consistit
647 4044 722 4094 fides.
770 4043 846 4092 vides
866 4043 916 4092 iam
941 4041 1156 4092 maledictionum
1175 4048 1278 4090 tuarum

180 4133 297 4182 causam,
316 4118 412 4181 amice,
433 4117 486 4168 alia
506 4117 640 4177 enimsest
656 4113 732 4164 nulla
757 4128 833 4180 quarn
858 4115 966 4174 omniuo
991 4113 1142 4180 ignorantia
1160 4111 1277 4171 illorum,

179 4189 241 4240 dico
263 4191 387 4239 nimirum
407 4190 526 4239 uirorum
545 4188 590 4254 qui
609 4187 679 4252 apud
698 4192 823 4235 externos
845 4191 871 4234 et
890 4186 958 4250 apud
982 4199 1032 4235 nos
1050 4192 1112 4234 sunt
1130 4184 1278 4249 sapientum

180 4269 208 4311 et
231 4262 259 4311 in
288 4275 332 4312 res
360 4260 464 4310 divinas
489 4261 678 4327 inquirentium
703 4256 865 4319 doctrinam,
891 4272 969 4324 quarn
997 4271 1055 4308 cum
1080 4257 1188 4324 ignores
1207 4265 1278 4303 nunc

178 4331 276 4388 saltem
296 4332 436 4385 edocearis
452 4345 567 4383 necesse
586 4338 628 4383 est
654 4330 698 4382 hic
717 4326 836 4380 anobis.
