3184 5100
343 404 415 478 mo
659 372 884 474 ammaoni
914 368 1175 474 amnonis

338 572 523 657 ταυτότητά.
567 566 609 649 ἀς
630 561 712 634 εἶναι
735 568 805 646 δέος
828 570 972 633 ἐντεῦθεν
991 569 1037 652 μὴ
1071 566 1108 631 οά
1130 567 1255 633 πάντων
1278 565 1324 643 εἷς
1339 572 1452 651 μίμη-

341 698 392 739 σιν
415 675 471 739 τοῦ
490 673 649 756 βελτίονος
670 670 874 758 παραθήσειν
898 662 1030 745 {notorie
1058 668 1244 753 δυναμένων
1266 666 1450 757 δι’-ἔμφυ-

341 797 395 838 τον
418 772 497 837 ἔνιοι
517 793 731 856 κακοτροπιαν
752 769 807 835 sui
825 768 1007 835 τούναντίον
1026 772 1068 854 τῇ
1090 768 1224 852 μιμήσει
1242 768 1449 853 χρήσωνται,

341 873 396 938 καί
419 870 475 957 την
496 874 529 937 ἐν
550 870 675 959 ἱστορίη
701 868 852 955 διαβολὴν
873 872 936 935 τῶν
965 873 1072 933 κακῶν
1102 869 1157 933 ἐπί
1177 868 1318 956 σφετέρη
1340 867 1449 951 μιμη-

341 971 595 1058 σιονταιβλάβη,
617 968 754 1057 τὴντῶν
777 968 973 1057 φθασάντων
996 969 1225 1049 ἀναισχυντίαν
1246 970 1302 1034 καί
1321 969 1475 1050 τάλμαν5

303 1088 328 1139 2
341 1068 406 1139 αἷάν
426 1098 456 1139 τι
475 1074 681 1158 παράδειγμα
704 1069 968 1158 προβαλλόμενοι.
1012 1068 1089 1135 ὅθεν
1108 1064 1177 1145 ἑκάς
1188 1092 1272 1145 τινος
1293 1068 1341 1133 έτι
1360 1092 1448 1152 μνη-

246 1178 254 1211 ‘
341 1176 432 1251 σθεδς
455 1172 689 1257 ἀπαλλάξομαι,
715 1170 768 1237 διά
790 1170 942 1258 βραχέων
973 1172 1082 1254 μέντοι
1104 1170 1159 1237 καὶ
1179 1172 1299 1247 τοῦτον,
1320 1171 1377 1233 καί
1403 1173 1447 1234 δι’

340 1272 425 1340 ὅσων
448 1272 663 1361 ἀποκρίνειεν
684 1270 722 1342 δν
750 1275 799 1359 rigi
813 1275 873 1356 τῆς
892 1272 1036 1358 ἱστορίας
1069 1271 1151 1357 λίμρ
1174 1274 1278 1347 δεῖξαι
1298 1272 1367 1346 πῶς
1388 1274 1449 1355 τῆς

338 1378 537 1458 Παλαμικῆς
553 1373 709 1459 αἱρέσεως
731 1376 784 1441 dna*
806 1373 887 1459 λάμη
909 1377 973 1440 τῶν
993 1375 1089 1458 ὶερῶν
1108 1376 1164 1457 τῆς
1180 1374 1349 1457 ἐκκλησίας
1369 1375 1446 1457 doy-

338 1477 448 1559 μάτων
469 1476 658 1560 παραδάσης
690 1473 813 1539 ἀπανθ’
844 1471 927 1557 ὁμοῦ
960 1474 1154 1560 συχκέχυται
1176 1474 1367 1560 πράγματα,
1389 1475 1448 1538 καί
1459 1490 1490 1543 10

340 1575 537 1663 διέφθαρται
557 1573 591 1639 τῦ
614 1578 670 1659 τῆς
692 1576 860 1661 ἐκκλησίας
882 1576 1018 1661 ἀρχαῖον
1039 1570 1118 1660 η’θος
1140 1577 1259 1652 ἐκεῖνο,
1283 1574 1340 1639 καί
1365 1574 1446 1639 ἀνα-

211 1692 232 1747 t.
242 1692 295 1749 263
305 1708 330 1745 a.
339 1676 513 1762 τέτραπται
535 1677 589 1741 καί
613 1676 776 1740 ἀπόλωλεν
799 1675 876 1739 εἴτι
897 1675 1013 1758 σεμνάν
1034 1699 1067 1739 τε
1098 1676 1154 1740 καί
1174 1678 1278 1757 τίμιον
1295 1679 1352 1759 τῆς
1369 1674 1447 1761 ῦλης

341 1772 380 1861 ἦν
402 1777 562 1849 πολιτείας
569 1824 578 1853 ,
604 1776 836 1860 συσταλείσης,
865 1768 966 1857 οἶμαι,
987 1778 1042 1859 τῆς
1058 1777 1114 1839 τοῦ
1141 1776 1220 1838 θεοῦ
1241 1777 1349 1852 δεξιάς
1369 1773 1447 1841 ὅσον

342 1878 520 1941 αἰσθέσθαι
540 1876 612 1952 τοῦς
631 1881 687 1960 τῆς
719 1878 833 1951 κακίας
851 1875 967 1959 ταύτης
995 1875 1175 1958 προστάτας
1196 1876 1252 1939 καί
1274 1874 1444 1961 ἀρχηγοῦς,

340 1979 395 2043 καί
416 1977 497 2064 πρὸς
517 1974 714 2063 ἐπιστροφὴν
734 1978 841 2041 ἐλθεῖν
864 1977 940 2060 πρίν
956 1976 1000 2050 εἷς
1020 1974 1246 2062 καταστροφὴν
1267 1980 1445 2052 κατελθεῖν,
1455 1995 1485 2047 15

340 2078 615 2154 ἒνδιδάντοςθεοῦ
634 2080 691 2141 τοῦ
714 2076 768 2141 διὰ
783 2077 894 2159 Δαβίδ
907 2077 1136 2161 παραινοῦντος
1154 2074 1200 2159 μη
1216 2076 1342 2142 διδόναι
1364 2073 1444 2160 πρὸς

340 2177 439 2240 σάλον
460 2175 514 2241 τδν
536 2176 629 2253 πόδα,
654 2175 706 2239 ἵνα
727 2174 772 2261 μὴ
796 2175 936 2261 νυστάξη
958 2174 1041 2258 μηδὲ
1069 2170 1201 2261 iarden
1223 2172 1242 2239 ά
1265 2176 1444 2261 φυλάσσων

301 2274 393 2349 ardo
411 2276 549 2363 Ἰσραήλ.
591 2274 635 2354 οἷς
657 2270 738 2341 εἶναι
773 2276 940 2341 κάνταῦθα
971 2274 1042 2351 δέος
1072 2272 1118 2359 μὴ
1152 2278 1260 2363 πολληῖ
1288 2275 1444 2341 κάκείνων

337 2379 482 2443 κακίοσιν
501 2372 572 2443 οάσι
592 2380 648 2442 κατ’
658 2384 724 2454 τοῖς
734 2380 789 2462 τῆς
803 2379 971 2461 ἐκκλησίας
984 2376 1100 2461 ταάτης
1115 2377 1285 2462 προέδροις
1306 2375 1326 2461 ἦ
1343 2379 1446 2441 πάλαι

330 2474 419 2569 ,κατά
440 2481 501 2541 sois
521 2478 687 2545 Ἰουδαίων
707 2475 907 2566 ἀποφαντικη
927 2476 1097 2565 adamant
1117 2477 1297 2564 κατερράγη
1321 2480 1444 2564 ψῆφος,
1453 2493 1484 2547 20

337 2577 474 2662 λέγουσα
493 2577 568 2644 “div
590 2579 793 2668 προσφέρητέ
823 2605 881 2662 μοι
902 2583 1069 2663 σεμίδαλιν
1098 2581 1253 2662 μάταιον,
1286 2581 1444 2661 θυμίαμα

339 2676 507 2763 βδέλυγμά
534 2703 592 2762 μοι
625 2682 710 2744 ἐστί·
767 2680 824 2744 καί
857 2677 913 2744 ἐάν
946 2681 1101 2765 ἕκτείνητε
1120 2681 1176 2756 τάς
1201 2687 1317 2765 χεῖρας
1336 2676 1443 2761 ῦμαῦν,

340 2777 535 2865 ἀποστρέψω
556 2771 629 2856 τοὺς
649 2779 841 2866 ὀφθαλμούς
859 2804 924 2863 μου
947 2779 1005 2866 ἀφ’
1027 2778 1135 2863 ῦμιῦν·
1159 2782 1214 2845 καί
1233 2777 1291 2844 ἐάν
1313 2778 1441 2865 πληθά-

340 3132 402 3170 nnm
422 3132 611 3170 conversarum
632 3127 658 3172 at
677 3119 847 3172 confusarum
867 3120 894 3172 in
912 3134 967 3172 non
983 3128 1070 3187 aptam
1093 3119 1231 3172 unitatem.
1248 3133 1342 3186 qnare,
1362 3133 1441 3186 qnam

340 3204 394 3240 non
416 3203 508 3240 omnes
527 3191 558 3241 ad
576 3191 689 3243 meliora
707 3193 833 3244 imitanda
852 3185 1012 3244 convertere
1031 3207 1092 3242 sese
1111 3193 1215 3258 possint
1232 3197 1343 3255 propter
1360 3191 1441 3242 inna-

342 3269 393 3311 tam
413 3273 516 3312 morum
536 3264 709 3328 pravitatem,
735 3265 879 3316 timendum
907 3279 942 3314 ns
961 3264 988 3314 in
1007 3264 1168 3314 contrarium
1188 3263 1292 3328 qnidam
1311 3261 1442 3313 imitatio.

339 3347 399 3382 nem
421 3340 526 3383 vertant
547 3335 618 3384 etin
638 3334 749 3386 historia
767 3335 1004 3401 reprehensionem
1025 3333 1152 3384 malornm
1171 3334 1199 3386 in
1217 3333 1336 3399 ipsorum
1355 3331 1441 3384 labem

268 3457 272 3464 ,
340 3405 482 3469 accipiant,
503 3411 529 3454 et
547 3404 659 3456 aliorum
680 3406 750 3456 forte
773 3405 961 3473 impudentiam
989 3412 1016 3456 et
1043 3405 1218 3457 temeritatem
1246 3411 1369 3470 tanquam
1392 3420 1440 3455 ex.
1505 3416 1506 3425 ¹

341 3473 455 3542 emplum
477 3473 528 3525 sibi
547 3477 690 3540 proferant.
735 3480 811 3528 cuius
835 3477 875 3528 rei
899 3477 1048 3543 exemplum
1079 3491 1151 3526 nuno
1170 3477 1240 3544 qnod
1266 3475 1293 3525 in
1312 3477 1441 3527 memoria

341 3553 391 3610 est,
412 3560 567 3612 proponam.
612 3549 704 3614 paneis
730 3548 813 3616 igitur
838 3547 930 3600 verbis
961 3557 1080 3614 atquae
1104 3543 1439 3598 satiarintadhisto'riae

339 3620 528 3680 narrationem,
551 3618 747 3683 demonstrabo,
768 3620 900 3687 quomodo
920 3626 981 3686 post
999 3618 1156 3670 Palamicam
1179 3617 1305 3668 haeresin
1323 3617 1355 3668 ad
1375 3632 1445 3683 per..

338 3689 436 3739 niciem
456 3696 607 3744 sanctornm
627 3689 760 3744 ecclesiae
782 3691 933 3756 dogmatum
952 3697 1139 3756 procreatam,
1158 3698 1253 3742 cuncta
1272 3687 1351 3740 simnl
1371 3703 1440 3739 con.

338 3761 441 3810 turbata
474 3761 527 3812 sint
560 3762 678 3812 instituta
707 3769 735 3812 et
765 3769 904 3828 corruptus
932 3763 1008 3812 reios
1045 3775 1101 3813 mos
1136 3759 1289 3823 ecelesiae,
1320 3767 1347 3810 et
1375 3775 1439 3826 per.

338 3844 417 3880 versa
437 3831 513 3882 etad
534 3833 669 3884 interitum
688 3833 780 3885 adacta
807 3849 875 3900 quae
894 3833 1045 3885 veneranda
1071 3840 1099 3884 et
1116 3831 1263 3883 honorifica
1287 3831 1369 3883 totins
1398 3831 1440 3882 oi.

339 3900 449 3965 vitatis,
478 3904 633 3954 admittente
659 3905 704 3968 id,
733 3912 761 3956 nt
783 3919 836 3971 ego
864 3904 969 3971 quidem
989 3905 1087 3967 credo,
1115 3903 1208 3955 dextra
1225 3903 1287 3966 dei,
1314 3910 1439 3969 quantun

339 3969 524 4038 intelligerent
552 3977 737 4040 perversitatis
763 3975 841 4026 huius
871 3982 996 4026 auctores
1024 3983 1051 4027 et
1082 3976 1221 4041 principos
1249 3982 1277 4025 et
1306 3974 1379 4039 prius
1411 3981 1439 4024 nt

338 4041 370 4092 ad
397 4046 602 4096 conversionem
630 4047 755 4099 venirent
782 4061 860 4113 qnam
890 4047 922 4098 ad
947 4047 1036 4099 finem.
1080 4047 1120 4097 sio
1147 4048 1217 4098 enim
1244 4061 1293 4113 per
1310 4043 1438 4098 Davidem

338 4112 403 4164 dens
424 4115 558 4178 hortatur,
588 4120 701 4185 nequis
730 4119 761 4170 ad
781 4117 925 4185 malignum
946 4120 1041 4184 peden
1064 4125 1161 4180 vertat,
1180 4125 1212 4168 ut
1227 4134 1264 4168 no
1281 4117 1437 4170 dormitorio

340 4185 427 4250 capite
446 4200 563 4238 somnrnn
584 4197 693 4254 raperet
714 4197 805 4242 custos
822 4188 941 4241 Israelis.
988 4191 1025 4240 ita
1044 4197 1073 4239 ut
1094 4188 1146 4240 hoc
1166 4203 1273 4256 quoqne
1294 4187 1437 4240 timendum

336 4255 387 4318 sit,
414 4270 448 4306 ne
474 4255 515 4306 his
544 4257 589 4323 qui
608 4258 663 4311 illis
682 4260 765 4312 multo
795 4261 955 4326 proniores,
985 4261 1131 4327 praeieotis
1153 4259 1288 4311 ecelesiae
1313 4272 1370 4311 vox
1391 4257 1439 4310 iila

337 4339 405 4396 qnae
426 4325 490 4382 olim
509 4327 622 4384 ludaeos
641 4331 848 4397 condemnavit,
873 4347 931 4388 rum
951 4331 993 4384 irs
1010 4339 1090 4391 sonet
1113 4329 1247 4386 oiarnsnar
1267 4331 1307 4386 “si
1332 4330 1440 4387 simiis.
1503 4340 1504 4345 ¹
