3184 5100
330 370 405 451 496
635 380 859 449 nicaeaoai
889 379 1121 451 οαοοοιιλι

326 540 526 628 Ἑλληνικῆς,
561 539 621 628 ύτιρ
654 538 692 605 dv
711 542 810 605 πάνθ
842 540 904 606 ύσα
927 541 980 605 διὰ
1004 540 1118 627 φοίτων
1139 539 1260 624 γίνεται
1281 536 1451 619 θαύματα

330 642 491 728 λατρεύειν
521 640 569 727 εἴη
593 641 646 706 διὰ
671 644 856 729 φροντι’δος.«
900 640 974 706 adli
994 639 1058 726 γὰρ
1082 639 1159 703 uolt·
1174 639 1273 720 σῶμύ
1293 640 1332 703 τι’
1352 640 1449 703 ἐστιν

302 741 349 827 (ἡ
378 739 520 818 ύκτιστος
542 744 644 828 ἐκείνη
672 746 729 807 τού
750 741 1029 828 σωτῆρος-οὐσία,
1052 742 1104 805 ἵνα
1118 742 1216 825 μέρος
1239 742 1301 823 μὲν
1325 766 1445 825 παρα-

332 846 420 933 φανῇ
438 844 536 928 μέρος
561 847 589 908 δ’
613 840 667 907 ού·
692 847 759 921 πῶς
781 844 860 928 γάρ,
895 841 1014 926 ἀμερὴς
1035 836 1115 905 οὖσα
1141 841 1274 923 δύναμις
1296 843 1357 907 καί
1378 868 1443 906 κυ-

331 946 408 1030 ρι’ως
430 945 640 1029 ένςύριθμού
660 942 778 1018 παντὸς
807 944 1009 1007 παντάπασιν
1041 940 1228 1028 ύπέρτερον·
1275 942 1352 1008 ούτε
1372 944 1466 1029 γὰρ5

262 1046 431 1139 Ηὲκεύνη
452 1047 603 1131 μερισμρῖ
623 1047 685 1109 τινί
722 1044 826 1109 δυάδα
847 1046 1046 1129 γεγέννηκεν,
1075 1039 1139 1107 οὔτ’
1164 1042 1305 1128 ιῖριθμύς
1329 1042 1443 1120 ούδέἰς

329 1145 475 1231 ἐμέρισεν
497 1145 608 1229 αύτὴν·
646 1145 713 1209 ἀλλ’
737 1146 771 1209 ἓν
793 1140 876 1209 ούσα
897 1144 992 1231 φύσει
1010 1148 1066 1210 καί
1086 1147 1185 1228 μονὰς
1207 1146 1267 1223 del,
1289 1146 1441 1231 peme'vp·

329 1269 381 1310 κεν
405 1245 456 1310 ἀεὶ
475 1247 632 1330 μοναδική
652 1270 686 1311 τι
717 1246 772 1310 καί
805 1243 955 1331 ἄτρεπτος
987 1247 1042 1311 καί
1070 1247 1216 1331 α’ύρατος.
1263 1249 1350 1334 φησὶ
1371 1248 1440 1332 γὰρ

330 1346 384 1411 καί
406 1345 424 1409 ὅ
453 1350 539 1423 θεῖος
566 1348 796 1432 Χρυσύστομος
827 1347 870 1425 ὥς
900 1353 929 1413 εἰ
954 1349 1050 1435 adripe
1079 1346 1189 1435 έιύρων
1212 1350 1241 1415 οἱ
1264 1355 1442 1437 προφῆται

329 1444 385 1528 τὴν
410 1447 506 1531 φύσιν
527 1449 583 1509 τού
605 1449 692 1525 θεοῦ,
716 1448 771 1511 ούκ
794 1444 835 1512 ύύν
859 1451 1025 1535 διαφόρως
1048 1453 1203 1515 ἐθεῶντο·
1259 1450 1350 1534 ἁπλῆ
1371 1450 1439 1535 γάρ
1451 1471 1476 1523 10

330 1570 378 1622 τις
400 1547 503 1631 ἐκείνη
525 1546 581 1611 κατ’
598 1547 834 1633 ἀσχημάτιστος
856 1550 911 1613 καί
925 1549 1098 1626 ύσύνθετος
1115 1539 1172 1615 καί
1194 1550 1441 1634 ύπερέγραπτος

330 1650 385 1714 καί
420 1650 470 1715 dcl
497 1649 650 1728 ιδσαύτως
680 1652 812 1733 ἔχουσα.
866 1655 935 1718 ἄλλ’
965 1655 1065 1733 ἔδειξε
1099 1657 1179 1742 φησί
1208 1659 1264 1739 τῆς
1290 1656 1440 1720 ύθεύτοο

331 1754 440 1834 θεϊκῆς
459 1751 556 1816 adnot>
579 1755 745 1835 βασιλειάς
770 1753 827 1837 τὴν
850 1755 955 1833 δόξαν.
1011 1751 1078 1821 εἶτα
1112 1757 1149 1820 ού
1182 1757 1217 1821 τὸ
1250 1757 1441 1836 ἐκκαλύψαι

329 1853 429 1935 μείζω
451 1852 506 1937 τῆς
528 1853 661 1935 δύναμιν
683 1852 825 1934 ἔχειτοῦ
852 1858 974 1933 δεῖξαι·
994 1857 1235 1940 κεκαλυμμένοι
1264 1858 1327 1940 γύρ
1351 1880 1440 1931 τινος
1498 1881 1499 1942 j

333 1953 427 2035 δηλοῖ
447 1953 851 2039 φανέρωσινπρύγματος·
905 1955 940 2020 τύ
975 1958 1010 2021 δὲ
1032 1960 1141 2035 δεῖξαι
1178 1957 1263 2034 λέξις
1284 1958 1356 2027 ἐστὶ
1376 1956 1476 2025 κύνι5

331 2060 397 2127 τοῖς
418 2053 621 2137 φαινομένοις
641 2055 801 2140 χρειώδης
831 2054 956 2135 ἅπλῶς,
988 2056 1096 2142 ὥσπερ
1130 2056 1167 2121 ἂν
1201 2060 1231 2121 εἰ
1256 2060 1291 2121 ὲν
1310 2061 1439 2139 βαλαν-

331 2175 387 2238 τιιρ
418 2154 663 2238 καλυπτομένων
683 2157 861 2242 μαργύρων
883 2159 981 2240 μόνον
1013 2161 1147 2223 δεικνύοι
1169 2184 1216 2236 τις
1247 2157 1284 2222 τύ
1312 2158 1439 2238 βαλάν-

331 2278 417 2319 τιον·
462 2244 550 2331 ούτος
579 2254 638 2342 γὰρ
670 2256 769 2335 ἔδειξε
790 2259 871 2341 μέν,
893 2259 948 2323 ούκ
971 2262 1146 2341 ἔξεκύλυψε
1169 2261 1204 2323 δὲ
1224 2257 1260 2323 τύ
1284 2258 1440 2343 ζητούμε-

331 2380 404 2421 νον·
458 2354 501 2433 ιδς
530 2357 585 2421 καὶ
616 2358 634 2421 δ
667 2357 766 2443 μέγας
801 2362 946 2424 διδάσκει
972 2363 1219 2445 Χροσύστομσς,
1251 2360 1353 2444 λέγων
1388 2358 1439 2425 ὅτι

333 2454 388 2519 ούκ
410 2454 501 2539 ἐνέβη
523 2454 678 2541 ύἸησοῦς
701 2460 746 2533 εἰς
766 2457 801 2523 τύ
824 2466 941 2539 πλοῖον,
964 2460 999 2525 τύ
1020 2465 1132 2543 θαῖμα
1150 2462 1474 2544 μεῖζονὲργύσασ-οο

333 2561 392 2620 θαι
413 2559 606 2641 βουλόμενος
623 2561 678 2625 καί
701 2559 768 2644 ἅμα
789 2561 846 2646 τὴν
867 2563 1003 2648 θεότητα
1025 2563 1132 2640 αύτοῖς
1152 2563 1333 2646 ἐκκαλύψαι
1356 2588 1437 2649 τρα-

332 2657 469 2742 νύτερον.

332 2986 486 3056 nbicunqua
504 3001 558 3040 non
577 2987 725 3056 placuerit,
749 2997 882 3042 tacentem
904 3004 972 3041 aero
991 3004 1046 3040 non
1076 2990 1122 3040 ubi
1142 2989 1286 3057 placuerit.
1322 2990 1435 3041 multum

333 3075 398 3112 saue
416 3059 571 3111 barbaricae
592 3062 728 3128 opinionis
744 3061 839 3128 plenus
854 3077 914 3112 csse
922 3061 1032 3112 debebit
1051 3070 1077 3112 ct
1088 3063 1189 3113 Graeco
1203 3062 1335 3112 atbcismo
1350 3062 1435 3111 multo

332 3131 464 3184 inlerlora
483 3139 586 3196 tenere,
605 3134 648 3184 cui
669 3149 914 3204 quaecuuqueper
941 3133 1029 3184 lucem
1059 3135 1124 3185 liunt
1153 3133 1280 3184 miracula
1308 3135 1435 3183 venerari

333 3205 422 3255 omnia
442 3204 468 3254 in
488 3205 576 3254 animo
598 3205 642 3256 sit.
680 3222 739 3257 nam
759 3221 793 3255 nc
813 3207 920 3271 corpori
942 3206 1048 3272 quidem
1068 3213 1110 3256 est
1136 3206 1254 3255 increata
1273 3205 1322 3254 ilia
1341 3204 1436 3254 salva·
1499 3208 1500 3213 ’

333 3277 399 3328 toris
419 3278 547 3338 essentia,
568 3276 604 3326 ita
624 3285 652 3329 ut
672 3293 741 3344 pars
753 3286 899 3343 appareat,
926 3293 987 3344 pars
1009 3291 1063 3328 non
1084 3286 1221 3342 appareat.
1261 3277 1324 3343 quid
1346 3273 1436 3325 enini?

333 3347 448 3398 indivisa
472 3348 541 3397 enim
563 3356 603 3400 est
622 3350 742 3415 potentia
760 3357 787 3398 ct
807 3363 886 3398 uuum
908 3349 1037 3416 quoddam
1047 3351 1117 3398 omni
1138 3351 1246 3398 omuino
1259 3362 1371 3397 numero
1386 3363 1436 3396 sn.

265 3439 268 3446 ·
334 3419 435 3485 purius.
475 3434 544 3485 quuc
562 3434 613 3470 nec
632 3421 766 3472 divisione
784 3418 841 3469 ulla
860 3421 1042 3487 duplicitatem
1063 3422 1158 3486 genuit
1177 3435 1228 3470 uec
1246 3432 1358 3469 numero
1377 3418 1435 3467 ullo

295 3555 297 3560 Ι
335 3489 420 3541 divisa
442 3496 491 3554 est,
511 3490 655 3542 sedunum
676 3499 769 3542 παλαια
798 3499 839 3540 est
859 3487 1115 3557 etsemperunilas.
1153 3491 1437 3555 mansitacmpermo-

334 3562 429 3613 madico
450 3570 476 3614 ct
496 3570 620 3614 constans
642 3570 669 3614 et
688 3562 844 3613 invisibilia.
888 3564 953 3614 dicit
978 3563 1056 3614 etiam
1082 3562 1190 3613 divinus
1210 3563 1437 3626 chrysostomus:

338 3633 360 3685 si
380 3634 463 3700 ipram
486 3633 617 3685 vidissent
636 3633 784 3700 prophetae
804 3634 847 3684 dei
869 3643 998 3698 naturam,
1017 3635 1157 3686 nonnaric
1176 3631 1437 3697 contemplabantur.

337 3704 451 3770 simplex
470 3705 539 3756 enim
562 3710 689 3775 quaedam
710 3713 751 3756 eat
771 3721 804 3762 ea
826 3713 853 3755 et
871 3708 1074 3758 insubstantiata
1095 3716 1120 3757 et
1144 3705 1322 3770 incomposita
1342 3711 1370 3753 et
1391 3703 1437 3751 iu.

260 3813 265 3818 -
337 3775 508 3840 explicabilis
536 3785 562 3829 et
589 3792 695 3843 semper
721 3777 813 3827 eadem
839 3781 952 3843 mansit,
979 3777 1025 3828 aed
1052 3779 1168 3828 ostendit
1186 3775 1333 3827 invisibilis
1350 3774 1437 3825 divini

338 3847 417 3912 regni
437 3846 560 3914 gloriam.
600 3863 664 3916 crgo
686 3847 753 3898 illud
772 3849 916 3916 detegendi
941 3864 994 3900 non
1014 3849 1139 3898 maiorem
1158 3849 1212 3898 vim
1233 3848 1330 3910 babet,
1359 3861 1437 3913 quam

337 3917 505 3969 ostendendi.
541 3918 672 3974 obscurae
692 3923 761 3970 enim
782 3921 823 3970 rei
844 3921 1050 3986 explicationem
1070 3920 1162 3982 αδετις
1188 3919 1330 3970 ostendere
1349 3927 1436 3968 autem

338 3993 379 4038 est
397 3985 499 4038 locutio
520 3991 598 4040 ctiam
616 3994 643 4041 in
665 3991 856 4057 apparentibus
876 3992 1044 4057 rebuaplane
1061 3992 1225 4042 necessaria.
1263 3990 1437 4057 quemadmo-

336 4057 439 4110 (iamsi
460 4060 518 4126 quis
540 4063 691 4130 margaritis
715 4064 742 4113 in
770 4079 849 4130 capsa
869 4063 980 4114 inclusis
1001 4077 1104 4129 capsam
1124 4061 1290 4113 solummodo
1312 4062 1436 4124 ostendit,

336 4143 390 4182 noo
411 4130 514 4199 detegit
532 4132 557 4182 id
578 4133 647 4198 quod
669 4135 815 4200 quaeritur.
853 4143 883 4185 ut
902 4138 980 4186 ctiam
1002 4150 1112 4202 magnus
1134 4134 1341 4199 chrysostomus
1359 4134 1438 4182 dicitt

336 4215 392 4252 non
412 4203 533 4252 ascendit
552 4201 626 4253 iesus
645 4219 741 4256 navem
762 4205 918 4258 miraculum
936 4209 1020 4258 maius
1040 4206 1183 4258 cliecturus
1201 4212 1230 4256 et
1250 4204 1331 4256 simui
1351 4205 1438 4255 delta.

337 4279 391 4326 tam
413 4271 469 4326 illis
490 4273 656 4328 turuilcstius
675 4275 838 4329 detecturus.
