3184 5100
340 410 414 485 οδε
637 418 860 487 mensumn
893 390 1122 485 condemn

338 582 520 669 βουλομένῳ
542 584 588 669 τῷ
604 580 754 667 θειοτάτῳ
774 580 905 661 βασιλεῖ
922 582 1071 662 λέγεσθαι
1092 578 1206 662 ἐφεξῆς
1225 569 1328 659 ἤρετο.
1352 572 1406 637 καί
1426 566 1443 637 ό

338 679 489 764 βασιλεύς
508 678 601 762 ιιἐμοί
616 684 644 745 δ’
665 684 695 746 εἰ
705 682 760 745 καί
772 680 852 763 πρός
873 675 970 767 άλλας
985 674 1089 762 dlystv’¹
1103 678 1164 765 ἔφη
1181 674 1257 741 “cdo
1270 680 1343 741 νοῦν
1359 676 1443 739 dno-

339 789 446 859 θέσεις
461 787 544 867 τ’νῆν,
563 783 631 847 ἀλλ’
643 777 700 847 σόν
712 783 797 863 ύμάς
818 779 933 864 δρῶντι·
946 781 1199 865 συνεληλυθότας
1219 782 1274 843 νῦν
1295 780 1449 843 ἐνταυθοῖ

234 932 237 939 -
339 886 543 967 καιριιότερον
562 878 642 949 εἶναι
666 887 756 947 δοκεῖ
775 880 1041 965 πολλοστημόριόν
1061 906 1090 944 τι
1107 880 1181 964 περί
1202 871 1246 943 ῶν
1270 876 1347 943 ἔνιοι
1368 880 1444 941 δια-

340 989 502 1071 φωνοῦσιν
524 988 789 1070 ἐκκλησιαστικῶν
811 987 975 1067 δογμάτων
1002 988 1121 1061 μαθεῖν
1142 980 1220 1063 πρός
1243 980 1364 1063 ῦμῶυ.”
1390 978 1467 1041 καόῧ

338 1084 400 1172 γάρ
424 1088 551 1151 α’κούειν
571 1086 689 1172 ἔφησεν
709 1086 817 1169 ἔριδας
840 1088 877 1148 σύ
892 1082 1009 1168 μικρός
1030 1087 1192 1168 φυομὲνας
1213 1078 1317 1147 ἄλλοτ’
1338 1074 1442 1155 άλλως

265 1176 270 1183 ’
341 1191 416 1269 περί
434 1185 536 1267 τόμων
559 1193 614 1251 καί
635 1187 854 1271 γραμμάτων,
885 1182 928 1249 “d
955 1189 1215 1269 προγεγέννηνται
1245 1183 1320 1265 μέν”
1340 1207 1440 1269 φησιν
1514 1198 1515 1221 ¹

337 1280 417 1351 ιὀῦκ
438 1281 498 1352 οἶδ’
522 1283 618 1366 όπως,
642 1284 833 1351 α’θετσῦνται
859 1290 893 1351 δὲ
917 1285 996 1367 πρός
1017 1288 1139 1349 πολλῶν
1162 1287 1345 1367 ἐλλογίμων,
1369 1285 1442 1346 ε’πι-
1514 1272 1515 1323 l

341 1390 449 1474 σφαλῆ
478 1385 549 1451 τινά
589 1392 751 1469 θεολογίας
785 1390 998 1473 καινοφανοῦς
1037 1388 1286 1467 ἑμπεριὲχεσθαι
1316 1380 1443 1456 τούτοις

342 1485 496 1551 δεικνύειν
518 1486 660 1569 δόγματα
682 1486 770 1568 μάλα
790 1488 941 1571 σφοδρῶς
972 1489 1223 1565 διατεινομένων.
1267 1480 1484 1566 όβουλόμηνλθ

340 1592 400 1670 μὲν
434 1581 490 1653 οῦν
523 1594 685 1677 παρρησίᾳ
716 1592 867 1675 συναδικῇ
899 1584 955 1668 τὴν
979 1585 1154 1667 διόρθωσιν
1183 1585 1443 1667 διαπράξασθαι·

342 1693 404 1757 τῶν
426 1690 461 1755 δὲ
485 1684 679 1773 πραγμάτων
695 1690 734 1753 ού
755 1689 1007 1772 συγχωρούντων
1027 1687 1060 1751 ἔν
1074 1712 1108 1769 γε
1130 1691 1175 1773 τῷ
1196 1687 1341 1768 παρόντι,
1362 1682 1445 1766 βού-

343 1797 438 1872 λομαι
459 1798 534 1875 παρ’
556 1790 647 1872 όμῶν
670 1795 751 1874 ’γοῦν
772 1793 926 1855 ἐνταυθοῖ
953 1792 1010 1855 νῦν
1032 1786 1278 1874 ὁστισδηποτοῦν
1308 1794 1445 1870 συνελη-

342 1889 488 1957 λυθότων
511 1894 585 1975 περί
605 1890 676 1968 ἑνός
698 1882 884 1957 σῦτινοσοῦν
905 1892 1057 1977 αότὴκοος
1084 1894 1259 1974 γεγονέναι.
1302 1887 1356 1953 τόν
1379 1890 1442 1971 γὰρ

342 1993 399 2070 τός
428 1997 669 2075 θρυλλυυμίνας
702 1991 811 2076 ἔριδας
848 1993 1110 2078 καί,δισφωνιάς
1145 1993 1313 2075 α’γείροντα
1344 1988 1444 2069 τόμον
1456 1994 1486 2047 15

342 2098 423 2175 ε’μοῦ
455 2094 674 2177 διατριβόντος
695 2094 738 2160 ’ἐν
767 2097 979 2182 Θεσσαλονίκῃ
1011 2096 1222 2175 συμπέπτωκε
1242 2093 1444 2175 γεγενῆσθαι,

343 2194 387 2271 ῶς
403 2194 481 2279 μήθ’
505 2190 527 2259 ό
548 2199 631 2278 λέγει
652 2193 815 2278 γινῶσκειν
837 2198 903 2277 ἐμὲ,
925 2195 1004 2279 μήθ’
1037 2190 1120 2269 ὅπως
1144 2194 1296 2280 α’λνγθείας
1317 2186 1338 2275 ἢ
1358 2192 1447 2273 ψεύ-

346 2296 420 2370 δους
440 2293 520 2378 ἔχει,
544 2294 578 2361 εἴ
594 2321 641 2372 τις
662 2298 800 2381 ἀκριβῶς
833 2296 987 2376 ἐξετάζειν
1009 2294 1166 2378 βούλοιτο.
1222 2297 1313 2358 δέδια
1336 2295 1365 2357 δ’
1387 2284 1446 2357 σύν

344 2397 388 2479 μὴ
412 2397 510 2475 κάμοι·
530 2402 735 2482 προστριβείη
749 2404 847 2483 κρίμα
868 2394 997 2479 θεόθεν,
1020 2394 1070 2463 ότι
1090 2396 1145 2461 καί
1164 2395 1263 2471 ου’τός
1284 2399 1324 2483 τῇ
1346 2401 1447 2477 βασι-

344 2496 483 2586 λευούσῃ
515 2498 593 2574 τέως
630 2498 872 2583 ἐπιδεδημηκώς
902 2499 934 2565 ἓν
958 2499 1122 2584 ὑστέροις,
1148 2493 1260 2580 ,ἑτέρου
1288 2498 1365 2572 τέως
1387 2494 1489 2580 τὴνλθ

345 2599 491 2676 ἐξουσίαν
511 2599 655 2683 ἔχοντος,
676 2593 761 2666 άκων
782 2603 971 2684 ὑπέγραψα,
999 2604 1147 2682 βιασθείς
1171 2601 1225 2664 ὑπ’
1249 2599 1351 2663 αὐτοῦ
1374 2597 1447 2683 (τάς

227 2767 232 2776 ,
344 2698 406 2784 γάρ
432 2698 465 2765 ἒν
484 2702 571 2790 μίσιρ
593 2705 672 2785 σιγῶ
692 2700 827 2785 τύχας),
858 2704 915 2767 οῦκ
934 2701 1016 2788 ἔχων
1038 2698 1122 2778 όπως
1153 2699 1385 2788 διαφύγοιμι
1411 2697 1444 2764 τό

347 3049 435 3114 missis
455 3048 488 3101 iis
507 3066 576 3119 qnae
601 3052 758 3103 necessaris·
784 3060 860 3104 erant
884 3052 1017 3119 Gregorss
1044 3067 1150 3120 quoque
1182 3051 1309 3118 deinceps
1328 3053 1447 3119 rogavit,

348 3122 411 3189 quid
429 3137 459 3173 se
478 3131 616 3190 oporteret
641 3125 732 3176 dicere
759 3125 791 3176 ed
812 3123 977 3176 voluntatem
1000 3125 1074 3192 regis
1092 3123 1262 3175 divinissimi.
1308 3130 1363 3173 tum
1382 3139 1446 3175 τοτε

347 3195 489 3261 equidem,
512 3195 613 3262 iuquit,
643 3197 693 3246 etsi
712 3196 746 3246 ad
772 3195 827 3246 alia
845 3197 953 3262 incepta
981 3195 1095 3246 animum
1124 3195 1265 3246 advertere
1291 3201 1446 3259 statueram,

335 3266 435 3317 'tamon
454 3282 512 3316 cum
541 3281 590 3317 vos
608 3282 680 3317 nuuc
701 3268 806 3319 videam
825 3267 869 3318 hic
887 3267 1001 3330 adesse,
1026 3267 1231 3318 convenientius
1254 3265 1319 3316 mihi
1339 3267 1448 3318 videtur

346 3346 448 3404 partem
466 3337 581 3404 aliquem
601 3339 722 3404 quamvis
746 3353 855 3404 parvum
874 3339 1041 3406 dogmatum,
1068 3339 1101 3390 do
1123 3337 1217 3406 quihus
1244 3337 1369 3388 nonnulli
1388 3338 1447 3389 dis.

346 3416 463 3476 ceptout,
485 3409 727 3459 ecclesiasticorum
749 3425 798 3476 per
818 3424 866 3460 vos
886 3425 1062 3477 cognoscere.
1109 3410 1206 3460 etenim
1226 3425 1255 3460 sc
1277 3409 1383 3460 audisse
1402 3410 1448 3459 di.

346 3482 386 3532 xit
406 3481 616 3546 disceptationes
635 3494 689 3531 non
704 3481 794 3532 'leves
820 3489 895 3532 natas
915 3497 991 3545 esse,
1017 3480 1084 3534 alias
1110 3481 1190 3532 aliter
1212 3482 1245 3532 de
1264 3479 1448 3532 voluminibus

348 3559 374 3602 et
393 3551 484 3616 libris,
504 3567 572 3619 quac
591 3552 658 3603 dixit
676 3554 770 3604 nescio
790 3553 921 3619 quomodo
942 3561 1000 3604 orta
1023 3569 1099 3617 esse,
1122 3553 1200 3604 reiici
1220 3561 1308 3604 tamen
1327 3552 1449 3604 edoctis

346 3622 452 3687 multis,
479 3623 524 3691 qui
555 3622 635 3674 valde
669 3625 767 3676 acriter
792 3625 986 3676 contenderent
1017 3625 1159 3676 ostendere
1191 3624 1293 3675 infirma
1318 3624 1448 3691 quaedum

346 3694 504 3762 theologiae
523 3696 648 3747 noviciae
670 3696 792 3764 dogmata
811 3697 866 3748 illis
893 3698 1036 3748 contineri.
1084 3695 1207 3748 volebam
1227 3697 1309 3762 igitur
1328 3695 1448 3746 concilio

345 3766 378 3817 nd
398 3765 561 3833 colloquium
590 3776 739 3819 convocato
767 3768 961 3820 correctionem
989 3783 1130 3835 peragere.
1178 3767 1224 3818 scd
1252 3783 1310 3818 cum
1330 3783 1373 3818 res
1393 3782 1449 3818 uon

347 3837 501 3899 conveniet,
523 3852 594 3888 nunc
615 3840 720 3906 quidem
739 3840 804 3891 volo
826 3856 859 3891 ox
890 3840 983 3903 vohis,
1004 3839 1048 3907 qui
1068 3854 1226 3906 quacunque
1252 3839 1285 3889 de
1305 3854 1384 3890 causa
1403 3839 1450 3890 hic

346 3908 462 3968 adestis,
485 3908 518 3958 dc
545 3917 619 3960 certo
645 3912 756 3978 quadum
774 3929 804 3963 re
823 3914 881 3978 ipsc
900 3913 1003 3964 audire.
1046 3926 1105 3962 unm
1134 3910 1262 3962 volumen
1280 3909 1357 3974 illud,
1376 3911 1450 3978 quod

347 3978 530 4049 frequeptatus
556 3983 751 4034 contentiones·
776 3991 803 4033 et
832 3984 1040 4050 disceptationes
1066 3984 1201 4046 continet,
1231 3981 1296 4034 mihi
1326 3997 1385 4032 curn
1420 3983 1450 4032 in

346 4048 538 4101 Thessalonice
556 4066 690 4116 versarer,
712 4055 826 4116 accidit,
851 4062 881 4105 ut
897 4041 987 4124 neqrse
1007 4055 1071 4123 quid
1089 4055 1141 4106 sibi
1159 4054 1245 4106 vellet
1263 4052 1450 4120 intelligerem

346 4136 436 4188 neque
455 4127 541 4171 utrum
560 4137 626 4175 vern
644 4139 677 4175 eu
698 4125 765 4177 falsa
785 4125 926 4176 exhiheret
944 4128 967 4178 si
987 4128 1046 4195 quis
1065 4133 1333 4192 accuratequecrerc
1351 4123 1449 4176 vellet.

348 4207 447 4244 vercor
467 4199 576 4257 nutem,
595 4211 630 4246 ne
648 4195 712 4246 rnihi
731 4211 840 4264 quoque
859 4197 1002 4248 adhaereat
1023 4211 1110 4262 poena
1136 4197 1241 4258 diviua,
1261 4196 1323 4262 quia
1345 4196 1452 4260 etipse

352 4279 412 4316 cum
430 4263 547 4315 concilio
566 4266 664 4334 hospes
684 4277 779 4334 postea
794 4268 915 4320 adessem
933 4269 1110 4336 aliquamdiu,
1129 4268 1183 4320 olio
1204 4267 1384 4333 praesidente,
1405 4267 1454 4316 in.

352 4335 424 4390 vitus
459 4347 557 4406 nomen
587 4338 733 4408 subscripsi
760 4339 794 4390 ah
823 4351 856 4389 eo
880 4348 997 4394 coactns.
1046 4355 1114 4410 quse
1141 4339 1212 4391 enim
1241 4338 1455 4392 intercesserunt
