3184 5100
262 383 485 459 nistoriis
511 382 772 458 euomuisse
791 386 916 455 xxxii.
938 365 1126 453 {tl-87.
1190 374 1265 451 ονε

164 554 224 619 καί
244 555 413 620 σκοτεινῶν
434 552 536 635 λόγων
557 550 613 615 καί
628 548 823 631 αἰνιγμάτων
843 547 1117 631 προενηνεγμένης,
1140 543 1182 618 οἷς
1201 568 1267 627 μη-

163 658 220 721 δέν
239 650 523 740 ἀναμφισβήτητον
539 646 620 718 εἶναι
643 655 752 731 λαβεῖν
769 653 802 726 ἐξ
822 648 920 730 αὐτῆς
945 645 999 711 τόν
1023 645 1189 711 αἰιοόοντα.
1212 643 1265 709 διό
1293 656 1323 749 '¹

164 758 242 841 γοῦν
263 758 367 819 ταῦτα
392 752 479 836 ιιοῖγσό
509 755 636 819 σιωπᾶν
671 750 850 835 ἐβουλόμην
880 746 979 823 αότός
1011 748 1171 813 ἐνταυθοῖ.
1215 742 1269 809 sni

165 857 212 941 μη
235 854 334 939 μόνον
361 858 401 919 δι’
423 849 445 919 ό
466 853 813 939 προαπηριθμησόμην,
837 846 941 934 ότιμὴ
964 849 1019 915 καί
1038 840 1143 914 όλλαν
1164 848 1267 931 διηπον

137 959 324 1023 δπλείστιον
347 954 449 1021 ἐνετα.
493 959 547 1021 sui
575 953 637 1039 γοὶρ
662 953 740 1019 ἐνισι
758 955 817 1035 μὲν
848 955 1006 1039 σαφηνείρι
1025 949 1166 1035 γλιόττης
1190 946 1267 1013 ἔνιοι

167 1062 198 1123 δ’
220 1054 332 1142 ἥκιστα
352 1060 532 1142 κέχρηνται,
556 1061 612 1123 καί
631 1057 662 1121 εἰ
681 1053 727 1140 μὴ
750 1062 821 1129 ταῖς
843 1054 987 1133 ἐννοίαις,
1011 1042 1157 1139 α’λλίοόν
1175 1054 1214 1135 τῇ
1233 1070 1268 1133 γε

166 1163 249 1238 λέξει
281 1157 344 1223 κατ’»
369 1161 412 1245 τῷ
443 1159 500 1241 τῆς
528 1155 678 1243 φρόσεοος
711 1154 851 1240 σχήματι
883 1157 1087 1239 διενηνέχθαι
1120 1152 1269 1216 δοκοῦσιν
1312 1200 1317 1208 .

166 1262 302 1351 ἐνιαχοῦ
328 1266 395 1333 τοῖς
428 1260 566 1338 α’μαθιός
594 1282 627 1323 τε
658 1256 714 1323 καί
740 1258 906 1339 ἐριστικῶς
937 1263 1008 1329 ταῖς
1029 1261 1172 1349 γραφαῖς
1194 1248 1270 1331 όμι-

167 1364 287 1425 λοῦσιν.
311 1362 368 1423 ιιαί
388 1352 491 1434 όλλως
504 1365 562 1440 μέν
580 1352 626 1435 οἷς
648 1357 687 1424 τό
710 1360 784 1441 περὶ
806 1355 920 1421 τοότου
944 1358 1011 1431 πυός
1029 1358 1089 1437 μὲν
1109 1351 1332 1436 irenopoli-a!

120 1464 236 1540 ιοζειν
259 1464 325 1535 πυός
348 1461 597 1556 δ”οἷνιιγαγιιιόν
617 1486 689 1526 τινα
720 1464 821 1543 λέγειν
841 1451 959 1543 τρόπον
979 1456 1034 1521 κατ’
1055 1449 1270 1541 α’λληγοροόν-

125 1556 133 1573 “
168 1586 227 1637 τας
247 1562 397 1639 διεξιέναι
421 1557 559 1642 ἔπεισιν,
587 1555 690 1636 ἄλλως
711 1563 748 1627 δέ
778 1567 844 1635 τοῖς
875 1557 982 1633 dusiis
1009 1552 1196 1642 ἑρμηνεύειν
1217 1558 1272 1619 κατ’

169 1666 353 1746 ἐξηγεῖσθαι
373 1668 595 1743 σροελομένοις
609 1661 708 1744 μόνας
728 1659 831 1735 ου’τοὶς
854 1662 912 1723 τοῦ
927 1661 1110 1741 εὐαγγελίου
1128 1653 1186 1731 τός
1209 1653 1272 1741 (iti-

169 1787 238 1839 σεις
259 1765 443 1849 φιλοτιμίας
465 1762 592 1847 διιείσης
617 1761 723 1846 ἐκτός,
753 1765 809 1827 stol
830 1756 1085 1845 όναιιαλόπιειν,
1104 1752 1181 1825 ὅσον.
1197 1756 1271 1843 ἐφι-

168 1863 275 1945 κτόν,
299 1862 355 1928 τόν
377 1865 553 1946 ἐγκείμενον
578 1876 649 1942 ταῖς
670 1872 774 1945 λέξεσι
797 1866 873 1927 νοῦν
898 1855 1061 1947 οἶιιριβιός,
1094 1859 1150 1925 ιιαί
1176 1864 1272 1925 πλέον

121 1967 268 2039 moridie
291 1970 469 2049 περαιτέρω
500 1968 622 2050 ζητεῖν·
675 1963 779 2057 ἄλλοις
811 1966 847 2029 δέ
870 1971 934 2037 τοῖς
966 1966 1024 2027 νῦν
1045 1965 1099 2027 ἐπί
1118 1958 1273 2045 συγχύσει
1300 1994 1303 1999 ·

170 2068 225 2149 τῆς
244 2063 410 2145 εόσεβείας
431 2065 617 2150 ἐπιφυεῖσιν
639 2067 795 2150 ἀσεβέσιν,
819 2066 853 2131 οἳ
869 2062 924 2148 τὴν
937 2067 1016 2145 μίαν
1034 2055 1182 2127 οἴκτιστον
1198 2058 1275 2125 θεό-

172 2192 248 2251 τητο
271 2163 351 2249 πρός
370 2168 524 2249 σ’πείρους
551 2166 605 2232 καί
630 2170 812 2253 διαφόρους
835 2171 1007 2247 τέμνουσι,
1031 2163 1086 2229 καὶ
1105 2157 1173 2245 ἅμα
1193 2162 1271 2247 δρᾶν

173 2269 338 2351 αἰσθητοῖς
368 2267 551 2352 δφθαλμοῖς
583 2270 801 2351 ἐγκαυχοῑνται
833 2272 888 2332 καί
905 2265 1028 2348 δμιλεῖν
1052 2268 1085 2342 ἐξ
1110 2262 1198 2330 οἴνου
1219 2262 1276 2334 καί

170 2372 299 2453 τρυφῆς
320 2372 526 2452 Παλαμικῆς,
546 2366 582 2455 όν
604 2360 763 2435 οἷ’δόνατον
784 2373 864 2435 ἰδεῖν
877 2367 1107 2452 μεμαθήκαμεν
1127 2366 1200 2450 μήτ’
1215 2367 1273 2431 οἷν-
1387 2442 1395 2461 ⁸

119 2471 313 2557 weseram
332 2466 406 2552 μήτ’
429 2471 569 2554 α’γγέλοιυ
591 2472 724 2536 ου’δένα·
775 2466 879 2547 ἄλλως
902 2474 931 2535 δ’
954 2462 1050 2545 αόθις
1070 2474 1137 2543 τοῖς
1157 2462 1272 2549 ἑπομέ-

171 2594 238 2646 νοις
256 2568 434 2652 βαναόσοις
453 2575 509 2636 κατ’
529 2575 788 2656 τριαβολιμειιόις
822 2570 1041 2656 γυναικαρίοις
1063 2565 1119 2636 soii
1149 2563 1272 2654 ἄνδρα·

172 2676 267 2758 ριὀις.
317 2665 361 2749 ὥς
389 2665 474 2738 εἶναι
502 2677 703 2751 πολλαπλοῦς
729 2672 785 2740 καί
810 2675 989 2751 πολυειδεῖς
1021 2670 1098 2750 νοός
1124 2673 1273 2742 ἐντεῦθεν

173 2961 294 3031 ambigui
321 2962 444 3030 quiddam
460 2959 525 3015 inde
543 2971 662 3031 cuperet.
705 2963 853 3034 eodemque
871 2965 905 3018 de
926 2979 1006 3018 ceusu
1033 2977 1085 3032 ego
1105 2978 1213 3033 quoque
1230 2971 1274 3018 ts.

176 3050 240 3086 cere
257 3033 296 3086 ibi
313 3033 443 3087 meleburn
461 3035 542 3102 idque
558 3049 614 3088 non
625 3035 712 3088 solum
729 3045 840 3104 propter
851 3051 884 3088 ea
908 3051 976 3106 quue
994 3050 1075 3104 supra
1097 3036 1210 3103 exposui
1228 3036 1276 3090 sed

176 3105 257 3158 etium
274 3113 386 3172 propter
405 3103 520 3172 plurimu
538 3105 601 3158 elin.
643 3116 705 3159 sunt
723 3109 793 3160 enim
813 3109 859 3176 qui
877 3123 1001 3160 sermone
1029 3107 1174 3175 perspicuo
1194 3107 1275 3160 uten-

173 3185 219 3233 tor
236 3175 337 3244 sliiqui
352 3191 527 3244 prorsusnon
546 3177 708 3245 perspicu03
728 3181 773 3248 qui
790 3181 841 3230 etsi
859 3179 1022 3248 argumentis
1045 3193 1099 3229 non
1118 3179 1243 3232 differunt
1259 3195 1276 3231 e

175 3249 254 3300 nobis
276 3256 363 3299 tamen
382 3249 472 3301 verbis
498 3258 526 3301 et
547 3251 659 3302 vocibus
684 3252 739 3302 suis
767 3250 950 3318 peculiaribus
975 3251 1082 3301 differre
1101 3250 1225 3302 videntur
1241 3251 1275 3302 iis

174 3322 223 3388 qui
245 3321 345 3372 indocti
363 3329 426 3372 suut
444 3328 472 3372 et
491 3321 587 3390 quibus
618 3337 707 3372 moras
725 3325 871 3390 scripturus
898 3324 926 3374 in
948 3322 1156 3374 controversiam
1177 3323 1276 3374 ducere

176 3391 274 3459 placet.
313 3391 369 3443 ulio
387 3400 476 3443 sutem
496 3393 574 3444 niodo
602 3393 761 3461 intelligunt
789 3395 880 3462 quiin
900 3393 1050 3446 huiusmodi
1068 3393 1276 3444 rebusnimium

174 3477 283 3530 semper
304 3464 446 3531 exquirere
467 3472 494 3515 et
511 3481 560 3532 per
576 3464 724 3532 allegorias
743 3467 834 3517 dicere
852 3466 962 3530 velunt3
980 3465 1127 3517 ullomodo
1147 3465 1192 3533 qui
1210 3466 1276 3516 sim.

150 3534 286 3602 ,pliciter
312 3537 485 3602 interpretari
513 3543 541 3587 et
561 3535 701 3588 illustrare
726 3539 833 3590 student
850 3540 908 3606 ipsu
932 3546 1032 3590 tuntum
1050 3537 1121 3588 uude
1141 3535 1276 3604 evangelii

174 3606 260 3658 verbs
276 3606 336 3658 siue
353 3606 411 3658 ullo
427 3608 614 3659 aestimatione
634 3616 662 3660 et
679 3609 808 3676 detegere
828 3619 952 3678 quantum
972 3610 1031 3662 lieri
1050 3608 1135 3676 possit
1152 3615 1276 3658 sceorste

175 3691 246 3744 quse
266 3679 358 3730 uerbis
375 3679 469 3732 subest
486 3681 655 3744 sententium,
674 3697 763 3750 neque
781 3684 828 3750 qui
851 3683 965 3734 ulterius
985 3681 1126 3750 quidquem
1144 3679 1277 3747 iudugsn.

173 3751 237 3800 dum
258 3765 319 3800 esse
340 3758 442 3816 putant.
479 3761 571 3803 rursus
591 3753 645 3804 alio
665 3753 742 3803 modo
762 3755 872 3806 differre
898 3755 1024 3806 videntur
1042 3753 1095 3816 iis,
1122 3752 1168 3818 qui
1196 3749 1276 3802 hodio

173 3820 236 3886 pios
254 3822 356 3872 nimos
374 3823 532 3888 μετεατοαεε
549 3825 656 3876 student
673 3825 780 3891 impiis,
809 3826 909 3893 quique
931 3841 1008 3876 unsm
1026 3826 1170 3875 innuentem
1189 3823 1276 3874 deite-

173 3898 230 3940 tem
251 3891 280 3940 in
299 3893 417 3945 infinitus
437 3903 464 3946 et
482 3897 570 3947 surius
590 3896 687 3947 inultus
705 3897 858 3948 discindunt
871 3897 1004 3965 simulque
1023 3895 1116 3948 videre
1138 3908 1193 3945 eum
1216 3892 1275 3944 clu.

173 3962 213 4013 ris
233 3961 319 4012 oeulis
338 3981 368 4016 se
386 3967 487 4018 iuotuut
515 3976 542 4019 et
566 3969 723 4019 coniunctos
749 3985 780 4021 se
794 3983 855 4020 esse
885 3976 947 4034 post
964 3970 1056 4021 vinum
1075 3974 1102 4018 et
1121 3966 1275 4018 commisse.

174 4035 276 4085 tionem
295 4035 451 4101 polemicum
468 4055 529 4089 cnm
547 4055 580 4090 eu
598 4055 676 4106 quum
694 4047 932 4108 nosuequsquum‘
944 4043 1018 4092 cerni
1037 4053 1117 4107 posse
1133 4037 1274 4089 didicimus

172 4121 266 4172 neque
283 4108 317 4157 ab
336 4109 448 4159 lromine
467 4109 524 4161 ullo
546 4126 635 4178 neque
652 4110 688 4161 uls
706 4113 822 4180 angelis.
860 4112 975 4179 denique
997 4111 1053 4163 ulio
1073 4109 1150 4160 modo
1167 4107 1274 4160 intelli.

173 4185 252 4245 gunt,
272 4179 365 4245 quiin
383 4181 509 4231 comitutu
527 4197 634 4249 semper
653 4191 694 4234 est
711 4183 788 4248 plebs
804 4199 819 4234 e
836 4182 954 4236 tabernis
974 4191 1002 4235 et
1014 4181 1134 4250 perditae
1149 4180 1274 4247 vilesque

173 4249 321 4303 muliebres
342 4259 372 4303 et
389 4250 553 4305 homunculi.
589 4255 682 4320 itaque
702 4255 733 4306 fit
750 4253 956 4322 utmultiplioes
974 4256 1038 4308 inde
1060 4261 1087 4305 et
1105 4253 1195 4305 ussine
1215 4251 1274 4302 ior.
1343 4259 1350 4268 ‘

173 4336 234 4373 mue
253 4322 521 4398 suuetne1doetrinse
540 4333 667 4394 unqunm
685 4325 768 4380 rivuli
786 4325 939 4395 proflusut5
967 4335 995 4381 et
1011 4325 1135 4396 prolecto
1153 4323 1274 4394 nogitsro
