3184 5100
293 409 517 476 nrsronrnn
550 406 810 512 armannus
828 411 943 482 xxva
959 395 1030 482 td.
1050 396 1119 484 ιτ.
1211 402 1262 484 ot

157 570 371 652 περιδκλνζον
400 563 587 658 τρικυμίαι,
619 572 724 658 συχνά
757 579 820 642 τοῖν
852 579 926 642 καθ’
950 576 1046 644 siris
1069 577 1263 662 πραγμάτων

157 669 412 760 α’νακυκλοῦνιος
435 672 509 751 τους
531 672 657 758 κύβους,
680 670 728 753 οἷς
756 673 924 760 πρόσωπον
943 682 1002 764 pis
1022 682 1159 746 ἐλπίδων
1178 679 1264 744 aino·

156 773 274 834 ιείνειν
296 768 399 838 ἔπεισι
420 772 571 860 χρήστάν,
593 778 773 846 τοδναντίον
792 781 822 842 δ’
844 773 995 856 ἅπαντάς
1017 783 1133 846 δπίπαν
1153 777 1260 846 ἔπειτα
1353 813 1358 822 ·

157 871 333 958 περαίνειν,
357 871 462 970 ὥσπερ
484 877 662 962 ἐξεπίτηδες
676 883 782 945 πάσαν
805 879 946 945 ἐπίνοιαν
958 879 1071 944 saisost
1084 883 1140 946 καί
1159 903 1263 946 σπον-

133 969 219 1055 δδήν
244 975 413 1053 παίζοντάς
433 999 466 1041 τε
488 977 543 1042 κατ’
565 971 807 1062 ἀνατρέποντας.
830 979 886 1045 κατ’
905 981 941 1046 τό
962 1005 998 1066 ys
1020 979 1121 1065 δήπου
1141 983 1326 1067 pestium„

159 1065 209 1136 ὅτι
230 1073 394 1151 τοσοάτοις
415 1080 470 1142 καί
490 1077 681 1162 τήλινοάτοις
697 1083 972 1169 περιαντλουμάνιρ
990 1084 1147 1164 χειμῶσιν
1168 1083 1263 1146 dust-

158 1197 213 1237 ναι
235 1175 295 1238 ουίι
322 1169 361 1258 ήν
383 1179 459 1242 ου’δδ
485 1176 542 1254 τάς
564 1183 627 1244 τοῖν
654 1179 750 1244 υἱέων
771 1181 857 1267 αὐτῷ
880 1181 1051 1268 συμφοράς
1075 1187 1260 1267 τηνικαῦτα,

158 1265 231 1336 ἄλλ’
256 1277 450 1355 ἐστασίαζον
477 1270 538 1363 ήδη
568 1279 622 1344 κατ’
644 1281 739 1345 αυ’τσι“
768 1285 845 1365 περί
874 1287 929 1366 τής
958 1284 1071 1366 α’ρχής,
1094 1287 1151 1348 κατ’
1166 1287 1261 1349 ταῦθ’

159 1370 247 1440 οὕτω
270 1376 473 1464 ναυαχοάσης
494 1403 526 1446 τε
547 1382 627 1447 adai
648 1387 775 1468 σαθροῦ
794 1380 870 1459 τους
883 1381 983 1463 πόδας
1005 1384 1187 1472 ίρειδοάσής
1207 1389 1263 1451 καί

119 1477 192 1551 λθές
215 1474 253 1540 τά
276 1480 360 1542 πάνυ
384 1503 414 1544 τι
445 1484 518 1546 λιάν
542 1483 743 1567 βραχύτατον
773 1483 857 1548 πάνυ
885 1508 913 1549 τι
943 1488 1015 1551 λίαν
1043 1489 1261 1574 ε’λαννομίνης,

159 1571 212 1642 ὅτε
235 1579 338 1662 δήπου
367 1586 490 1662 μᾶλλον
522 1585 620 1668 σ’χρήν
647 1587 692 1674 τῷ
723 1584 821 1669 πατρί
853 1589 909 1651 κατ’
927 1590 1059 1668 βασιλεῖ
1087 1588 1166 1653 κατά
1198 1591 1261 1654 πᾶν

157 1679 292 1765 ε’φικτὸν
315 1686 527 1766 συναίρεσθαι
548 1687 644 1770 σφᾶς,
674 1689 760 1773 κοινῇ
782 1687 838 1752 καὶ
858 1687 933 1752 καθ’
964 1686 1093 1774 ἕκαστα,
1111 1685 1261 1768 καθάπαξ

159 1776 246 1863 dnus
268 1778 351 1845 ἴδιον
368 1786 482 1864 βυθοίς
505 1788 786 1868 παραπέμψοντας
807 1787 916 1872 λήθης.
939 1779 954 1850 ά
975 1811 1008 1852 τι
1032 1787 1092 1872 γάρ
1112 1794 1261 1853 Παλαισ-

158 1880 249 1963 λάγος
271 1885 351 1948 adai
369 1885 406 1970 τῇ
428 1887 569 1968 θυγατρί
589 1884 734 1970 γαμβρὸς
761 1885 921 1972 Ἰωάννης,
948 1886 992 1960 οὖς
1015 1887 1115 1952 πάλαι
1136 1887 1260 1969 πατρό-

120 1983 297 2068 καθεκτήν
323 1984 426 2068 άρχήν
457 1985 545 2073 arisai
578 1975 801 2072 προσήκουσαν
823 1984 926 2070 ἔχων,
957 1987 1260 2071 ἀντείχετο-ταύτης

158 2088 181 2124 ‘¹
202 2079 394 2169 ὁλοσχερῶς,
417 2085 472 2152 κατ’
490 2088 584 2152 ου’δὲν
605 2089 714 2153 odissi
735 2091 788 2173 τής
809 2089 965 2173 διαδοχῆς
998 2089 1199 2174 παρεχώρει·
1241 2082 1289 2151 if·
1302 2085 1400 2144 “W

158 2210 191 2252 τι
212 2191 388 2262 Ματθαῖος
409 2187 479 2266 υἱὸς
501 2183 546 2254 oia
568 2193 622 2254 κατ’
641 2188 748 2271 οὗτός,
770 2193 904 2256 ἐνέκειτο
925 2189 1015 2272 μάλα
1035 2194 1185 2277 σφοδραῖς
1206 2193 1262 2255 καί

159 2287 259 2366 αιίτός
281 2290 436 2377 α’παιτοῑν,
458 2288 501 2367 ὥς
524 2294 582 2357 νῦν
603 2317 637 2376 χε
660 2295 715 2357 καί
737 2293 824 2379 ariaci
844 2290 1257 2376 προοήκοάσήςπατράθεν,
1329 2361 1334 2370 ,

157 2387 401 2470 μεταπεσόντων
431 2383 491 2477 ήδή
520 2391 640 2475 μεταξά
666 2396 728 2458 τῶν
750 2395 917 2478 σκήπτρων
938 2391 1019 2457 κατά
1043 2391 1099 2467 τάς
1129 2391 1183 2456 sisi
1201 2415 1259 2478 φτ.

120 2493 297 2574 νορομένας
320 2492 437 2560 οὑτωσί
458 2498 521 2561 τιὸν
542 2493 739 2581 πραγμάτων
763 2493 874 2579 τάχος,
897 2497 953 2561 καί
973 2492 1054 2577 πρὸς
1076 2486 1180 2559 ἄλλοτ’
1201 2488 1261 2558 άλ-

158 2598 232 2669 λους
251 2592 358 2676 συχνά
380 2600 710 2681 μεταρριπιουμίνας,
730 2600 785 2663 καί
798 2594 1260 2681 παραλλάξεσινήτεκμάρτοις

83 2766 90 2773 ,
159 2690 246 2760 οὕτω
267 2695 323 2761 καί
344 2695 534 2783 α’πορρήτοις
550 2701 754 2779 οιάκιζοάσας
768 2698 824 2764 τὸν
836 2700 918 2782 βίον,
933 2701 989 2763 κατ’
1003 2702 1061 2763 νῦν
1078 2702 1139 2780 μὲν
1159 2692 1260 2783 τούτῳ

158 2801 216 2862 νῦν
240 2800 270 2862 d'
303 2802 410 2889 ἐκείνρ
438 2804 659 2888 παρεχομένας
692 2796 748 2886 τήν
778 2803 841 2867 τάν
862 2801 985 2867 οἰκείων
1009 2801 1174 2884 εδμίντταν
1196 2798 1261 2885 σ’φ-

158 3118 226 3169 mus,
246 3111 319 3156 terra
336 3104 456 3173 marique
476 3106 591 3159 munitos
602 3105 761 3174 propulsare
782 3104 887 3173 quidem
906 3104 1052 3169 studerent,
1072 3110 1186 3157 ettamen
1204 3114 1259 3157 non

157 3176 300 3240 haberent,
321 3178 452 3245 quomodo
472 3170 645 3245 bropositum'
658 3185 864 3246 exequerentur.
901 3178 1014 3228 maxime
1033 3183 1121 3227 sutem
1141 3178 1259 3244 impera.

158 3249 225 3299 toris
249 3248 352 3299 animus
366 3248 475 3316 ingenti
495 3266 616 3302 curarum
634 3258 660 3301 et
680 3250 872 3319 cogitationum
897 3256 972 3300 aestn
1001 3246 1159 3309 fluctuabam
1178 3264 1260 3315 saepe

158 3335 265 3371 suarum
283 3334 371 3370 rerum
394 3318 468 3371 aleas
487 3321 640 3382 volutabat,
663 3337 731 3390 quae
750 3321 868 3387 speciem
888 3320 993 3388 quidem
1010 3319 1097 3371 honae
1116 3319 1174 3384 spei
1194 3333 1259 3385 pro-

157 3392 280 3454 tendunt,
302 3398 395 3441 contra
414 3398 501 3443 autem
519 3392 676 3463 plerumque
694 3401 788 3460 postea
812 3392 919 3457 cadunt,
939 3400 1064 3460 tanquam
1088 3389 1260 3441 consuitoet

158 3463 218 3513 data
238 3476 322 3529 opera
342 3477 420 3513 omne
443 3464 501 3514 eius
522 3465 636 3517 studium
661 3473 742 3534 atquo
767 3462 910 3524 consilium
928 3463 1129 3516 ludificarentur
1148 3469 1175 3513 et
1194 3462 1259 3513 sub-

157 3540 307 3587 verterent.
328 3541 408 3601 atque
422 3533 472 3585 hoc
488 3552 553 3588 sane
573 3536 838 3605 eratgravissimnm,
857 3535 927 3603 quod
946 3543 986 3588 tot
1003 3536 1136 3600 tantisque
1154 3542 1259 3600 tempe-

158 3605 271 3659 statibus
290 3608 403 3657 iactatus
428 3606 543 3659 filiorum
568 3622 675 3678 quoque
694 3608 860 3676 iniquitatem
887 3616 1013 3674 expertus
1034 3614 1093 3671 est,
1113 3612 1142 3656 ut
1161 3606 1205 3672 qni
1225 3606 1258 3655 de

157 3679 272 3745 imperio
293 3686 347 3729 turn
367 3692 443 3745 quam
467 3681 580 3732 maxims
609 3680 740 3748 naufrago
772 3688 800 3731 et
820 3678 927 3745 putrido
952 3678 1064 3747 quodam
1087 3677 1259 3729 fundamento
1346 3673 1350 3680 ’

156 3750 220 3801 nixo
241 3750 269 3800 in
290 3764 458 3818 summasque
475 3746 611 3821 angustias
633 3750 770 3819 compulso
790 3752 861 3801 inter
886 3765 947 3803 sese
966 3750 1160 3813 discordarent,
1178 3756 1281 3817 atque.

157 3822 328 3875 dissiderent.
356 3828 436 3874 tunc
454 3824 576 3890 proiecto
603 3824 730 3893 temporis
748 3824 804 3874 suis
830 3823 949 3889 ipsorum
972 3822 1119 3873 rationibus
1143 3820 1258 3888 profan.

158 3893 266 3944 dissime
286 3892 424 3945 oblivione
437 3895 551 3949 obtectis
570 3896 639 3962 patri
661 3895 748 3962 potius
767 3894 907 3961 eidemque
924 3894 1078 3961 imperatoii
1098 3900 1125 3944 et
1144 3894 1258 3962 univer.

158 3966 206 4017 sim
229 3972 256 4014 et
274 3966 428 4033 singulatim
448 3982 496 4035 pro
517 3966 590 4019 virili
605 3975 680 4033 parte
699 3980 857 4018 succurrere
876 3964 1016 4017 debebant.
1053 3966 1167 4018 loannes
1188 3965 1259 4015 enim

159 4034 338 4105 Palacologus
352 4039 500 4105 imperium,
521 4046 550 4089 ut
568 4040 619 4089 iam
639 4038 740 4104 pridem
759 4052 774 4088 a
794 4045 870 4103 patre
889 4037 940 4088 sibi
961 4037 1088 4102 debitum,
1107 4037 1179 4087 omni
1198 4045 1258 4087 stu·
1359 4097 1361 4106 Ι

159 4109 201 4159 dio
222 4108 255 4159 ad
274 4122 304 4159 se
320 4110 472 4161 vindicabat
489 4122 698 4178 nequeprorsus
718 4110 750 4159 de
769 4110 828 4159 iure
848 4110 1028 4160 successionis
1047 4109 1096 4161 ulii
1115 4108 1259 4176 quidquam

159 4178 315 4231 decedebat.
352 4180 500 4233 Matthaeus
520 4190 618 4245 autem,
638 4180 708 4243 filius
728 4180 913 4248 imperatoris,
931 4181 1002 4233 idern
1020 4180 1195 4233 vehementer
1215 4178 1259 4229 ef.

160 4250 297 4319 flagitabat
314 4260 344 4303 ut
359 4252 410 4303 sihi
431 4268 537 4321 quoquc
555 4269 571 4305 a
589 4261 664 4321 patre
684 4254 864 4305 conveniens:
896 4260 1003 4322 sceptra
1023 4254 1092 4304 enim
1111 4254 1162 4303 iam
1182 4264 1259 4300 coms

160 4323 342 4395 mutabantur,
360 4334 440 4401 prout
458 4326 659 4383 vicissitudines
678 4323 800 4379 ferebant
818 4324 957 4394 fortunae,
977 4338 1046 4400 quse
1064 4325 1097 4380 sd
1116 4322 1185 4379 slios
1203 4318 1259 4373 alio
