<?xml version="1.0" encoding="UTF-8"?>
<!DOCTYPE html PUBLIC "-//W3C//DTD XHTML 1.0 Transitional//EN"
    "http://www.w3.org/TR/xhtml1/DTD/xhtml1-transitional.dtd">
<html xmlns="http://www.w3.org/1999/xhtml" xml:lang="en" lang="en">
 <head>
  <title>
</title>
<meta http-equiv="Content-Type" content="text/html;charset=utf-8" />
  <meta name='ocr-system' content='tesseract 3.04.00' />
  <meta name='ocr-capabilities' content='ocr_page ocr_carea ocr_par ocr_line ocrx_word'/>
</head>
<body>
  <div class='ocr_page' id='page_1' title='image "./nicephorigregor04schogoog_0035.png"; bbox 0 0 3184 5100; ppageno 0'>
   <div class='ocr_carea' id='block_1_1' title="bbox 320 401 1112 486">
    <p class='ocr_par' dir='ltr' id='par_1_1' title="bbox 320 401 1112 486">
     <span class='ocr_line' id='line_1_1' title="bbox 320 401 1112 486; baseline -0.015 0"><span class='ocrx_word' id='word_1_1' title='bbox 320 407 370 486; x_wconf 64' lang='grc' dir='ltr'><strong><em>Μ</em></strong></span> <span class='ocrx_word' id='word_1_2' title='bbox 626 411 852 482; x_wconf 75' lang='lat' dir='ltr'><strong>mcoruom</strong></span> <span class='ocrx_word' id='word_1_3' title='bbox 880 401 1112 477; x_wconf 73' lang='lat' dir='ltr'><strong>elimoniis</strong></span> 
     </span>
    </p>
   </div>
   <div class='ocr_carea' id='block_1_2' title="bbox 193 567 1510 2883">
    <p class='ocr_par' dir='ltr' id='par_1_2' title="bbox 321 567 1423 764">
     <span class='ocr_line' id='line_1_2' title="bbox 321 567 1423 666; baseline -0.013 -18"><span class='ocrx_word' id='word_1_4' title='bbox 321 575 594 666; x_wconf 78' lang='grc' dir='ltr'><strong><em>ἀντιφιλοτιμείεό</em></strong></span> <span class='ocrx_word' id='word_1_5' title='bbox 614 573 644 642; x_wconf 81' lang='grc' dir='ltr'><strong><em>οἱ</em></strong></span> <span class='ocrx_word' id='word_1_6' title='bbox 672 576 728 642; x_wconf 82' lang='grc' dir='ltr'><strong><em>’καί</em></strong></span> <span class='ocrx_word' id='word_1_7' title='bbox 748 573 784 642; x_wconf 85' lang='grc' dir='ltr'><strong><em>τό</em></strong></span> <span class='ocrx_word' id='word_1_8' title='bbox 807 572 902 638; x_wconf 86' lang='grc' dir='ltr'><strong><em>πιστά</em></strong></span> <span class='ocrx_word' id='word_1_9' title='bbox 925 577 980 657; x_wconf 81' lang='grc' dir='ltr'><strong><em>τῆς</em></strong></span> <span class='ocrx_word' id='word_1_10' title='bbox 1007 570 1081 653; x_wconf 88' lang='grc' dir='ltr'><strong><em>περί</em></strong></span> <span class='ocrx_word' id='word_1_11' title='bbox 1087 569 1136 636; x_wconf 82' lang='grc' dir='ltr'><strong><em>’τό</em></strong></span> <span class='ocrx_word' id='word_1_12' title='bbox 1160 567 1259 652; x_wconf 76' lang='grc' dir='ltr'><strong><em>σέβας</em></strong></span> <span class='ocrx_word' id='word_1_13' title='bbox 1277 567 1423 656; x_wconf 74' lang='grc' dir='ltr'><strong><em>ἀληθούς</em></strong></span> 
     </span>
     <span class='ocr_line' id='line_1_3' title="bbox 321 669 1423 764; baseline -0.014 -16"><span class='ocrx_word' id='word_1_14' title='bbox 321 683 466 764; x_wconf 75' lang='grc' dir='ltr'><strong><em>ὁμονοίας</em></strong></span> <span class='ocrx_word' id='word_1_15' title='bbox 488 681 673 762; x_wconf 80' lang='grc' dir='ltr'><strong><em>περιφανύς</em></strong></span> <span class='ocrx_word' id='word_1_16' title='bbox 695 676 871 755; x_wconf 83' lang='grc' dir='ltr'><strong><em>ἀντεδίδου,</em></strong></span> <span class='ocrx_word' id='word_1_17' title='bbox 893 669 936 750; x_wconf 83' lang='grc' dir='ltr'><strong><em>τός</em></strong></span> <span class='ocrx_word' id='word_1_18' title='bbox 952 673 1125 758; x_wconf 81' lang='grc' dir='ltr'><strong><em>τηνικαῦτα</em></strong></span> <span class='ocrx_word' id='word_1_19' title='bbox 1148 669 1203 734; x_wconf 86' lang='grc' dir='ltr'><strong><em>καί</em></strong></span> <span class='ocrx_word' id='word_1_20' title='bbox 1222 673 1278 735; x_wconf 89' lang='grc' dir='ltr'><strong><em>τὸν</em></strong></span> <span class='ocrx_word' id='word_1_21' title='bbox 1297 672 1423 738; x_wconf 85' lang='grc' dir='ltr'><strong><em>Ἀντιο-</em></strong></span> 
     </span>
    </p>

    <p class='ocr_par' dir='ltr' id='par_1_3' title="bbox 258 770 1449 1064">
     <span class='ocr_line' id='line_1_4' title="bbox 258 770 1420 868; baseline -0.01 -21"><span class='ocrx_word' id='word_1_22' title='bbox 258 863 261 868; x_wconf 26' lang='lat'>&#39;</span> <span class='ocrx_word' id='word_1_23' title='bbox 317 787 410 865; x_wconf 80' lang='grc' dir='ltr'><strong><em>χείας</em></strong></span> <span class='ocrx_word' id='word_1_24' title='bbox 435 777 593 863; x_wconf 79' lang='grc' dir='ltr'><strong><em>ἔγγραφον</em></strong></span> <span class='ocrx_word' id='word_1_25' title='bbox 613 773 732 842; x_wconf 75' lang='grc' dir='ltr'><strong><em>ἑαυτοῦ</em></strong></span> <span class='ocrx_word' id='word_1_26' title='bbox 737 781 951 860; x_wconf 70' lang='grc' dir='ltr'><strong><em>,προενεγκεῖν</em></strong></span> <span class='ocrx_word' id='word_1_27' title='bbox 968 774 1077 854; x_wconf 86' lang='grc' dir='ltr'><strong><em>τόμον,</em></strong></span> <span class='ocrx_word' id='word_1_28' title='bbox 1098 770 1266 853; x_wconf 82' lang='grc' dir='ltr'><strong><em>ὁμολογίαν</em></strong></span> <span class='ocrx_word' id='word_1_29' title='bbox 1282 775 1342 851; x_wconf 75' lang='grc' dir='ltr'><strong><em>μὲν</em></strong></span> <span class='ocrx_word' id='word_1_30' title='bbox 1365 774 1420 855; x_wconf 76' lang='grc' dir='ltr'><strong><em>τῆς</em></strong></span> 
     </span>
     <span class='ocr_line' id='line_1_5' title="bbox 321 870 1423 965; baseline -0.009 -19"><span class='ocrx_word' id='word_1_31' title='bbox 321 878 495 965; x_wconf 80' lang='grc' dir='ltr'><strong><em>όρδοδόξου</em></strong></span> <span class='ocrx_word' id='word_1_32' title='bbox 528 881 583 942; x_wconf 78' lang='grc' dir='ltr'><strong><em>κατ’</em></strong></span> <span class='ocrx_word' id='word_1_33' title='bbox 616 880 721 959; x_wconf 73' lang='grc' dir='ltr'><strong><em>κοινῆς</em></strong></span> <span class='ocrx_word' id='word_1_34' title='bbox 750 876 840 957; x_wconf 75' lang='grc' dir='ltr'><strong><em>ἡμῶν</em></strong></span> <span class='ocrx_word' id='word_1_35' title='bbox 870 872 983 957; x_wconf 80' lang='grc' dir='ltr'><strong><em>ἔχοντα</em></strong></span> <span class='ocrx_word' id='word_1_36' title='bbox 1005 877 1154 954; x_wconf 80' lang='grc' dir='ltr'><strong><em>πίστεως,</em></strong></span> <span class='ocrx_word' id='word_1_37' title='bbox 1177 870 1365 950; x_wconf 73' lang='grc' dir='ltr'><strong><em>ἐκτέμνοντα</em></strong></span> <span class='ocrx_word' id='word_1_38' title='bbox 1387 874 1423 936; x_wconf 77' lang='grc' dir='ltr'><strong><em>δὲ</em></strong></span> 
     </span>
     <span class='ocr_line' id='line_1_6' title="bbox 322 973 1449 1064; baseline -0.008 -15"><span class='ocrx_word' id='word_1_39' title='bbox 322 985 487 1064; x_wconf 83' lang='grc' dir='ltr'><strong><em>Παλαμάν</em></strong></span> <span class='ocrx_word' id='word_1_40' title='bbox 510 981 565 1063; x_wconf 75' lang='grc' dir='ltr'><strong><em>τῆς</em></strong></span> <span class='ocrx_word' id='word_1_41' title='bbox 587 980 644 1043; x_wconf 87' lang='grc' dir='ltr'><strong><em>τού</em></strong></span> <span class='ocrx_word' id='word_1_42' title='bbox 668 979 747 1041; x_wconf 80' lang='grc' dir='ltr'><strong><em>δεού</em></strong></span> <span class='ocrx_word' id='word_1_43' title='bbox 769 976 934 1060; x_wconf 73' lang='grc' dir='ltr'><strong><em>ἐκκλησίας</em></strong></span> <span class='ocrx_word' id='word_1_44' title='bbox 964 973 1009 1050; x_wconf 82' lang='grc' dir='ltr'><strong><em>άς</em></strong></span> <span class='ocrx_word' id='word_1_45' title='bbox 1037 973 1118 1038; x_wconf 71' lang='grc' dir='ltr'><strong><em>νόθα</em></strong></span> <span class='ocrx_word' id='word_1_46' title='bbox 1142 977 1197 1038; x_wconf 84' lang='grc' dir='ltr'><strong><em>καί</em></strong></span> <span class='ocrx_word' id='word_1_47' title='bbox 1215 976 1336 1059; x_wconf 55' lang='lat' dir='ltr'><strong>defleto</strong></span> <span class='ocrx_word' id='word_1_48' title='bbox 1358 988 1449 1040; x_wconf 78' lang='lat' dir='ltr'><strong>rea-5</strong></span> 
     </span>
    </p>

    <p class='ocr_par' dir='ltr' id='par_1_4' title="bbox 252 1068 1508 2070">
     <span class='ocr_line' id='line_1_7' title="bbox 252 1068 1448 1167; baseline -0.01 -20"><span class='ocrx_word' id='word_1_49' title='bbox 252 1093 263 1106; x_wconf 82' lang='lat'><strong><em>&#39;</em></strong></span> <span class='ocrx_word' id='word_1_50' title='bbox 323 1079 510 1167; x_wconf 88' lang='grc' dir='ltr'><strong><em>ρεισάγοντα</em></strong></span> <span class='ocrx_word' id='word_1_51' title='bbox 533 1077 697 1162; x_wconf 89' lang='grc' dir='ltr'><strong><em>δόγματα,</em></strong></span> <span class='ocrx_word' id='word_1_52' title='bbox 729 1075 826 1157; x_wconf 90' lang='grc' dir='ltr'><strong><em>τόμον</em></strong></span> <span class='ocrx_word' id='word_1_53' title='bbox 846 1077 964 1138; x_wconf 73' lang='grc' dir='ltr'><strong><em>ἐκεῖνον</em></strong></span> <span class='ocrx_word' id='word_1_54' title='bbox 994 1073 1114 1158; x_wconf 71' lang='grc' dir='ltr'><strong><em>δηλαδὴ</em></strong></span> <span class='ocrx_word' id='word_1_55' title='bbox 1138 1068 1175 1138; x_wconf 80' lang='grc' dir='ltr'><strong><em>όν</em></strong></span> <span class='ocrx_word' id='word_1_56' title='bbox 1197 1078 1231 1139; x_wconf 78' lang='grc' dir='ltr'><strong><em>όν</em></strong></span> <span class='ocrx_word' id='word_1_57' title='bbox 1248 1074 1448 1163; x_wconf 70' lang='grc' dir='ltr'><strong><em>Βυζαντίῳ,</em></strong></span> 
     </span>
     <span class='ocr_line' id='line_1_8' title="bbox 321 1173 1507 1264; baseline -0.011 -16"><span class='ocrx_word' id='word_1_58' title='bbox 321 1179 523 1264; x_wconf 84' lang='grc' dir='ltr'><strong><em>συνετετάχει</em></strong></span> <span class='ocrx_word' id='word_1_59' title='bbox 548 1176 660 1262; x_wconf 82' lang='grc' dir='ltr'><strong><em>παρύν</em></strong></span> <span class='ocrx_word' id='word_1_60' title='bbox 682 1176 738 1242; x_wconf 86' lang='grc' dir='ltr'><strong><em>καί</em></strong></span> <span class='ocrx_word' id='word_1_61' title='bbox 757 1173 879 1240; x_wconf 78' lang='grc' dir='ltr'><strong><em>ἀκούων</em></strong></span> <span class='ocrx_word' id='word_1_62' title='bbox 908 1179 963 1240; x_wconf 83' lang='grc' dir='ltr'><strong><em>καί</em></strong></span> <span class='ocrx_word' id='word_1_63' title='bbox 982 1173 1270 1258; x_wconf 74' lang='grc' dir='ltr'><strong><em>συναγωνιζόμενος</em></strong></span> <span class='ocrx_word' id='word_1_64' title='bbox 1290 1173 1422 1264; x_wconf 71' lang='grc' dir='ltr'><strong><em>Ἰωάννῃ</em></strong></span> <span class='ocrx_word' id='word_1_65' title='bbox 1506 1190 1507 1235; x_wconf 76' lang='grc' dir='ltr'><strong>ξ</strong></span> 
     </span>
     <span class='ocr_line' id='line_1_9' title="bbox 320 1271 1507 1374; baseline -0.009 -23"><span class='ocrx_word' id='word_1_66' title='bbox 320 1287 362 1374; x_wconf 72' lang='grc' dir='ltr'><strong><em>τῷ</em></strong></span> <span class='ocrx_word' id='word_1_67' title='bbox 383 1277 564 1368; x_wconf 76' lang='grc' dir='ltr'><strong><em>ποτριύρχγγ</em></strong></span> <span class='ocrx_word' id='word_1_68' title='bbox 585 1280 641 1344; x_wconf 89' lang='grc' dir='ltr'><strong><em>καί</em></strong></span> <span class='ocrx_word' id='word_1_69' title='bbox 659 1288 723 1354; x_wconf 75' lang='grc' dir='ltr'><strong><em>τοῖς</em></strong></span> <span class='ocrx_word' id='word_1_70' title='bbox 738 1301 772 1362; x_wconf 88' lang='grc' dir='ltr'><strong><em>γε</em></strong></span> <span class='ocrx_word' id='word_1_71' title='bbox 794 1278 876 1363; x_wconf 85' lang='grc' dir='ltr'><strong><em>ἀμφ’</em></strong></span> <span class='ocrx_word' id='word_1_72' title='bbox 897 1278 996 1342; x_wconf 88' lang='grc' dir='ltr'><strong><em>αύτόν</em></strong></span> <span class='ocrx_word' id='word_1_73' title='bbox 1014 1273 1213 1358; x_wconf 76' lang='grc' dir='ltr'><strong><em>ἐπισκόποις,</em></strong></span> <span class='ocrx_word' id='word_1_74' title='bbox 1236 1271 1270 1339; x_wconf 89' lang='grc' dir='ltr'><strong><em>τό</em></strong></span> <span class='ocrx_word' id='word_1_75' title='bbox 1293 1277 1423 1359; x_wconf 81' lang='grc' dir='ltr'><strong><em>ἰσχύειν</em></strong></span> <span class='ocrx_word' id='word_1_76' title='bbox 1506 1280 1507 1283; x_wconf 67' lang='grc'>’</span> 
     </span>
     <span class='ocr_line' id='line_1_10' title="bbox 321 1374 1423 1464; baseline -0.005 -16"><span class='ocrx_word' id='word_1_77' title='bbox 321 1380 432 1464; x_wconf 76' lang='grc' dir='ltr'><strong><em>ἔχουσι</em></strong></span> <span class='ocrx_word' id='word_1_78' title='bbox 453 1384 530 1454; x_wconf 82' lang='grc' dir='ltr'><strong><em>πίοις</em></strong></span> <span class='ocrx_word' id='word_1_79' title='bbox 551 1379 585 1446; x_wconf 81' lang='grc' dir='ltr'><strong><em>ἔκ</em></strong></span> <span class='ocrx_word' id='word_1_80' title='bbox 603 1403 635 1442; x_wconf 89' lang='grc' dir='ltr'><strong><em>τε</em></strong></span> <span class='ocrx_word' id='word_1_81' title='bbox 658 1382 716 1463; x_wconf 79' lang='grc' dir='ltr'><strong><em>τῆς</em></strong></span> <span class='ocrx_word' id='word_1_82' title='bbox 738 1381 893 1463; x_wconf 76' lang='grc' dir='ltr'><strong><em>ἀληθείας</em></strong></span> <span class='ocrx_word' id='word_1_83' title='bbox 920 1374 954 1442; x_wconf 81' lang='grc' dir='ltr'><strong><em>ἔκ</em></strong></span> <span class='ocrx_word' id='word_1_84' title='bbox 975 1399 1010 1440; x_wconf 85' lang='grc' dir='ltr'><strong><em>τε</em></strong></span> <span class='ocrx_word' id='word_1_85' title='bbox 1038 1380 1097 1440; x_wconf 85' lang='grc' dir='ltr'><strong><em>τού</em></strong></span> <span class='ocrx_word' id='word_1_86' title='bbox 1125 1376 1170 1458; x_wconf 73' lang='grc' dir='ltr'><strong><em>μὴ</em></strong></span> <span class='ocrx_word' id='word_1_87' title='bbox 1196 1384 1345 1460; x_wconf 82' lang='grc' dir='ltr'><strong><em>παρεῖναι</em></strong></span> <span class='ocrx_word' id='word_1_88' title='bbox 1369 1377 1423 1442; x_wconf 84' lang='grc' dir='ltr'><strong><em>τόν</em></strong></span> 
     </span>
     <span class='ocr_line' id='line_1_11' title="bbox 323 1471 1466 1565; baseline -0.001 -19"><span class='ocrx_word' id='word_1_89' title='bbox 323 1484 546 1562; x_wconf 69' lang='grc' dir='ltr'><strong><em>ἀντιβαίνοντα</em></strong></span> <span class='ocrx_word' id='word_1_90' title='bbox 571 1471 893 1565; x_wconf 76' lang='grc' dir='ltr'><strong><em>Καντακουζηνύν,“</em></strong></span> <span class='ocrx_word' id='word_1_91' title='bbox 875 1502 926 1542; x_wconf 78' lang='lat' dir='ltr'><strong><em>ore</em></strong></span> <span class='ocrx_word' id='word_1_92' title='bbox 948 1476 987 1561; x_wconf 73' lang='grc' dir='ltr'><strong><em>δὴ</em></strong></span> <span class='ocrx_word' id='word_1_93' title='bbox 1010 1502 1062 1542; x_wconf 87' lang='grc' dir='ltr'><strong><em>και</em></strong></span> <span class='ocrx_word' id='word_1_94' title='bbox 1084 1480 1207 1559; x_wconf 78' lang='grc' dir='ltr'><strong><em>πρῶτον</em></strong></span> <span class='ocrx_word' id='word_1_95' title='bbox 1227 1481 1423 1562; x_wconf 76' lang='grc' dir='ltr'><strong><em>επιφυείσαν</em></strong></span> <span class='ocrx_word' id='word_1_96' title='bbox 1433 1495 1466 1549; x_wconf 86' lang='grc'><strong><em>10</em></strong></span> 
     </span>
     <span class='ocr_line' id='line_1_12' title="bbox 323 1575 1508 1705; baseline -0.003 -58"><span class='ocrx_word' id='word_1_97' title='bbox 323 1588 367 1705; x_wconf 74' lang='lat' dir='ltr'><strong><em>spi</em></strong></span> <span class='ocrx_word' id='word_1_98' title='bbox 390 1584 524 1670; x_wconf 76' lang='grc' dir='ltr'><strong><em>καθαρῷ</em></strong></span> <span class='ocrx_word' id='word_1_99' title='bbox 550 1586 626 1670; x_wconf 81' lang='grc' dir='ltr'><strong><em>ληίρι</em></strong></span> <span class='ocrx_word' id='word_1_100' title='bbox 656 1578 713 1664; x_wconf 72' lang='grc' dir='ltr'><strong><em>τῆν</em></strong></span> <span class='ocrx_word' id='word_1_101' title='bbox 732 1581 826 1646; x_wconf 87' lang='grc' dir='ltr'><strong><em>νόσον</em></strong></span> <span class='ocrx_word' id='word_1_102' title='bbox 847 1583 967 1664; x_wconf 79' lang='grc' dir='ltr'><strong><em>ἐκείνην</em></strong></span> <span class='ocrx_word' id='word_1_103' title='bbox 996 1581 1029 1656; x_wconf 79' lang='grc' dir='ltr'><strong><em>ἐξ</em></strong></span> <span class='ocrx_word' id='word_1_104' title='bbox 1051 1579 1150 1663; x_wconf 77' lang='grc' dir='ltr'><strong><em>αάτῆς</em></strong></span> <span class='ocrx_word' id='word_1_105' title='bbox 1178 1575 1265 1655; x_wconf 74' lang='grc' dir='ltr'><strong><em>ἔδοξε</em></strong></span> <span class='ocrx_word' id='word_1_106' title='bbox 1251 1584 1423 1660; x_wconf 83' lang='grc' dir='ltr'><strong><em>ετὲμνειν,</em></strong></span> <span class='ocrx_word' id='word_1_107' title='bbox 1507 1628 1508 1685; x_wconf 47' lang='lat'><strong>3</strong></span> 
     </span>
     <span class='ocr_line' id='line_1_13' title="bbox 319 1677 1508 1772; baseline -0.004 -21.983"><span class='ocrx_word' id='word_1_108' title='bbox 319 1681 366 1772; x_wconf 67' lang='lat' dir='ltr'><strong><em>pic</em></strong></span> <span class='ocrx_word' id='word_1_109' title='bbox 388 1679 486 1765; x_wconf 78' lang='grc' dir='ltr'><strong><em>ἔλεγε,</em></strong></span> <span class='ocrx_word' id='word_1_110' title='bbox 509 1677 658 1766; x_wconf 77' lang='grc' dir='ltr'><strong><em>βλάστης.</em></strong></span> <span class='ocrx_word' id='word_1_111' title='bbox 709 1681 819 1746; x_wconf 82' lang='grc' dir='ltr'><strong><em>τοῦτόν</em></strong></span> <span class='ocrx_word' id='word_1_112' title='bbox 849 1705 947 1769; x_wconf 79' lang='grc' dir='ltr'><strong><em>φησιν</em></strong></span> <span class='ocrx_word' id='word_1_113' title='bbox 969 1681 1141 1744; x_wconf 72' lang='grc' dir='ltr'><strong><em>ἀναλίσκειν</em></strong></span> <span class='ocrx_word' id='word_1_114' title='bbox 1162 1703 1196 1744; x_wconf 90' lang='grc' dir='ltr'><strong><em>τε</em></strong></span> <span class='ocrx_word' id='word_1_115' title='bbox 1216 1683 1346 1759; x_wconf 80' lang='grc' dir='ltr'><strong><em>εκείνον,</em></strong></span> <span class='ocrx_word' id='word_1_116' title='bbox 1367 1681 1424 1746; x_wconf 87' lang='grc' dir='ltr'><strong><em>καί</em></strong></span> <span class='ocrx_word' id='word_1_117' title='bbox 1507 1694 1508 1701; x_wconf 76' lang='grc'>’</span> 
     </span>
     <span class='ocr_line' id='line_1_14' title="bbox 323 1775 1508 1906; baseline -0.003 -58"><span class='ocrx_word' id='word_1_118' title='bbox 323 1779 391 1864; x_wconf 84' lang='grc' dir='ltr'><strong><em>ἀμα</em></strong></span> <span class='ocrx_word' id='word_1_119' title='bbox 425 1781 483 1858; x_wconf 87' lang='grc' dir='ltr'><strong><em>τάς</em></strong></span> <span class='ocrx_word' id='word_1_120' title='bbox 514 1781 705 1906; x_wconf 75' lang='grc' dir='ltr'><strong><em>ἀπογραφάς</em></strong></span> <span class='ocrx_word' id='word_1_121' title='bbox 732 1784 787 1866; x_wconf 77' lang='grc' dir='ltr'><strong><em>τῆς</em></strong></span> <span class='ocrx_word' id='word_1_122' title='bbox 824 1775 1048 1869; x_wconf 78' lang='grc' dir='ltr'><strong><em>ὁμοφροσύνης</em></strong></span> <span class='ocrx_word' id='word_1_123' title='bbox 1078 1780 1233 1845; x_wconf 87' lang='grc' dir='ltr'><strong><em>δεικνύειν</em></strong></span> <span class='ocrx_word' id='word_1_124' title='bbox 1259 1784 1323 1846; x_wconf 78' lang='grc' dir='ltr'><strong><em>τῶν</em></strong></span> <span class='ocrx_word' id='word_1_125' title='bbox 1355 1779 1423 1848; x_wconf 87' lang='grc' dir='ltr'><strong><em>όσοι</em></strong></span> <span class='ocrx_word' id='word_1_126' title='bbox 1507 1808 1508 1855; x_wconf 79' lang='lat'><em>3</em></span> 
     </span>
     <span class='ocr_line' id='line_1_15' title="bbox 321 1876 1425 1971; baseline -0.003 -20"><span class='ocrx_word' id='word_1_127' title='bbox 321 1889 376 1971; x_wconf 78' lang='grc' dir='ltr'><strong><em>τῆς</em></strong></span> <span class='ocrx_word' id='word_1_128' title='bbox 400 1881 592 1968; x_wconf 77' lang='grc' dir='ltr'><strong><em>ίπαρχίας’</em></strong></span> <span class='ocrx_word' id='word_1_129' title='bbox 578 1887 699 1948; x_wconf 85' lang='grc' dir='ltr'><strong><em>εκείνου</em></strong></span> <span class='ocrx_word' id='word_1_130' title='bbox 722 1884 935 1968; x_wconf 68' lang='grc' dir='ltr'><strong><em>τυγχάνωσιν</em></strong></span> <span class='ocrx_word' id='word_1_131' title='bbox 957 1876 1044 1957; x_wconf 81' lang='grc' dir='ltr'><strong><em>ὄντες</em></strong></span> <span class='ocrx_word' id='word_1_132' title='bbox 1060 1886 1225 1948; x_wconf 75' lang='grc' dir='ltr'><strong><em>ἐπίσκοποι</em></strong></span> <span class='ocrx_word' id='word_1_133' title='bbox 1247 1909 1299 1947; x_wconf 90' lang='grc' dir='ltr'><strong><em>και</em></strong></span> <span class='ocrx_word' id='word_1_134' title='bbox 1323 1907 1425 1967; x_wconf 89' lang='grc' dir='ltr'><strong><em>πρεσ-</em></strong></span> 
     </span>
     <span class='ocr_line' id='line_1_16' title="bbox 321 1979 1466 2070; baseline -0.002 -20"><span class='ocrx_word' id='word_1_135' title='bbox 321 1984 465 2070; x_wconf 79' lang='grc' dir='ltr'><strong><em>βύτεροι,</em></strong></span> <span class='ocrx_word' id='word_1_136' title='bbox 490 1989 543 2048; x_wconf 87' lang='grc' dir='ltr'><strong><em>καί</em></strong></span> <span class='ocrx_word' id='word_1_137' title='bbox 563 1980 706 2049; x_wconf 79' lang='grc' dir='ltr'><strong><em>όσοιτοόν</em></strong></span> <span class='ocrx_word' id='word_1_138' title='bbox 729 1979 833 2062; x_wconf 82' lang='grc' dir='ltr'><strong><em>άλλως</em></strong></span> <span class='ocrx_word' id='word_1_139' title='bbox 858 1982 1000 2066; x_wconf 76' lang='grc' dir='ltr'><strong><em>λογάδων</em></strong></span> <span class='ocrx_word' id='word_1_140' title='bbox 1020 1981 1217 2066; x_wconf 87' lang='grc' dir='ltr'><strong><em>τάςγνιόμας</em></strong></span> <span class='ocrx_word' id='word_1_141' title='bbox 1240 1979 1323 2068; x_wconf 77' lang='grc' dir='ltr'><strong><em>ἦσαν</em></strong></span> <span class='ocrx_word' id='word_1_142' title='bbox 1343 2009 1466 2069; x_wconf 79' lang='lat' dir='ltr'><strong>noy-15</strong></span> 
     </span>
    </p>

    <p class='ocr_par' dir='ltr' id='par_1_5' title="bbox 193 2083 1510 2883">
     <span class='ocr_line' id='line_1_17' title="bbox 193 2083 1423 2170; baseline -0.002 -17"><span class='ocrx_word' id='word_1_143' title='bbox 193 2095 313 2154; x_wconf 76' lang='grc' dir='ltr'><strong><em>λλθῡό.</em></strong></span> <span class='ocrx_word' id='word_1_144' title='bbox 323 2089 470 2169; x_wconf 86' lang='grc' dir='ltr'><strong><em>κείμενοι.</em></strong></span> <span class='ocrx_word' id='word_1_145' title='bbox 486 2089 510 2126; x_wconf 74' lang='lat'><em>⁰</em></span> <span class='ocrx_word' id='word_1_146' title='bbox 524 2083 647 2161; x_wconf 77' lang='grc' dir='ltr'><strong><em>τούτοις</em></strong></span> <span class='ocrx_word' id='word_1_147' title='bbox 669 2083 850 2170; x_wconf 82' lang='grc' dir='ltr'><strong><em>ὁμόφρονος</em></strong></span> <span class='ocrx_word' id='word_1_148' title='bbox 863 2087 919 2150; x_wconf 86' lang='grc' dir='ltr'><strong><em>καί</em></strong></span> <span class='ocrx_word' id='word_1_149' title='bbox 930 2089 989 2151; x_wconf 87' lang='grc' dir='ltr'><strong><em>τού</em></strong></span> <span class='ocrx_word' id='word_1_150' title='bbox 1001 2090 1057 2170; x_wconf 82' lang='grc' dir='ltr'><strong><em>τῆς</em></strong></span> <span class='ocrx_word' id='word_1_151' title='bbox 1078 2085 1313 2170; x_wconf 78' lang='grc' dir='ltr'><strong><em>Ἀλεξανδρείας</em></strong></span> <span class='ocrx_word' id='word_1_152' title='bbox 1337 2085 1423 2170; x_wconf 82' lang='grc' dir='ltr'><strong><em>ἔλεγε</em></strong></span> 
     </span>
     <span class='ocr_line' id='line_1_18' title="bbox 322 2183 1425 2272; baseline -0.001 -22"><span class='ocrx_word' id='word_1_153' title='bbox 322 2186 532 2270; x_wconf 75' lang='grc' dir='ltr'><strong><em>πεπειρᾶσθαι</em></strong></span> <span class='ocrx_word' id='word_1_154' title='bbox 556 2188 713 2270; x_wconf 77' lang='grc' dir='ltr'><strong><em>προέδρου</em></strong></span> <span class='ocrx_word' id='word_1_155' title='bbox 736 2183 798 2251; x_wconf 91' lang='grc' dir='ltr'><strong><em>σύν</em></strong></span> <span class='ocrx_word' id='word_1_156' title='bbox 811 2209 846 2269; x_wconf 92' lang='grc' dir='ltr'><strong><em>γε</em></strong></span> <span class='ocrx_word' id='word_1_157' title='bbox 860 2196 926 2261; x_wconf 73' lang='grc' dir='ltr'><strong><em>τοῖς</em></strong></span> <span class='ocrx_word' id='word_1_158' title='bbox 947 2186 1001 2248; x_wconf 81' lang='grc' dir='ltr'><strong><em>ἀπ’</em></strong></span> <span class='ocrx_word' id='word_1_159' title='bbox 1023 2185 1109 2272; x_wconf 73' lang='grc' dir='ltr'><strong><em>αύτῷ</em></strong></span> <span class='ocrx_word' id='word_1_160' title='bbox 1126 2183 1328 2250; x_wconf 86' lang='grc' dir='ltr'><strong><em>παντάπασιν</em></strong></span> <span class='ocrx_word' id='word_1_161' title='bbox 1350 2190 1425 2252; x_wconf 78' lang='grc' dir='ltr'><strong><em>ε’πι-</em></strong></span> 
     </span>
     <span class='ocr_line' id='line_1_19' title="bbox 322 2284 1509 2373; baseline -0.003 -19"><span class='ocrx_word' id='word_1_162' title='bbox 322 2287 473 2372; x_wconf 81' lang='grc' dir='ltr'><strong><em>σκόποις,</em></strong></span> <span class='ocrx_word' id='word_1_163' title='bbox 501 2287 557 2352; x_wconf 84' lang='grc' dir='ltr'><strong><em>καί</em></strong></span> <span class='ocrx_word' id='word_1_164' title='bbox 585 2284 653 2369; x_wconf 79' lang='grc' dir='ltr'><strong><em>ἅμα</em></strong></span> <span class='ocrx_word' id='word_1_165' title='bbox 681 2288 737 2352; x_wconf 85' lang='grc' dir='ltr'><strong><em>τού</em></strong></span> <span class='ocrx_word' id='word_1_166' title='bbox 757 2291 931 2373; x_wconf 75' lang='grc' dir='ltr'><strong><em>τηνικαῦτα</em></strong></span> <span class='ocrx_word' id='word_1_167' title='bbox 952 2287 1009 2369; x_wconf 77' lang='grc' dir='ltr'><strong><em>τὴν</em></strong></span> <span class='ocrx_word' id='word_1_168' title='bbox 1037 2291 1100 2352; x_wconf 76' lang='grc' dir='ltr'><strong><em>τάν</em></strong></span> <span class='ocrx_word' id='word_1_169' title='bbox 1116 2285 1348 2370; x_wconf 82' lang='grc' dir='ltr'><strong><em>Ἱεροσολύμων</em></strong></span> <span class='ocrx_word' id='word_1_170' title='bbox 1370 2290 1425 2353; x_wconf 83' lang='grc' dir='ltr'><strong><em>ε’κ-</em></strong></span> <span class='ocrx_word' id='word_1_171' title='bbox 1508 2302 1509 2341; x_wconf 80' lang='lat' dir='ltr'><strong>l</strong></span> 
     </span>
     <span class='ocr_line' id='line_1_20' title="bbox 322 2378 1425 2478; baseline 0 -26"><span class='ocrx_word' id='word_1_172' title='bbox 322 2389 456 2472; x_wconf 84' lang='grc' dir='ltr'><strong><em>κλησιάν</em></strong></span> <span class='ocrx_word' id='word_1_173' title='bbox 476 2391 647 2462; x_wconf 80' lang='grc' dir='ltr'><strong><em>διέποντος.</em></strong></span> <span class='ocrx_word' id='word_1_174' title='bbox 703 2387 757 2452; x_wconf 85' lang='grc' dir='ltr'><strong><em>καί</em></strong></span> <span class='ocrx_word' id='word_1_175' title='bbox 785 2388 893 2463; x_wconf 81' lang='grc' dir='ltr'><strong><em>ἀπλύς</em></strong></span> <span class='ocrx_word' id='word_1_176' title='bbox 924 2385 1061 2474; x_wconf 82' lang='grc' dir='ltr'><strong><em>ἔφασκεν</em></strong></span> <span class='ocrx_word' id='word_1_177' title='bbox 1093 2381 1174 2452; x_wconf 80' lang='grc' dir='ltr'><strong><em>εἶναι</em></strong></span> <span class='ocrx_word' id='word_1_178' title='bbox 1194 2389 1318 2471; x_wconf 74' lang='grc' dir='ltr'><strong><em>μηδένα</em></strong></span> <span class='ocrx_word' id='word_1_179' title='bbox 1341 2378 1368 2478; x_wconf 73' lang='grc' dir='ltr'><em>ᾧ</em></span> <span class='ocrx_word' id='word_1_180' title='bbox 1390 2389 1425 2452; x_wconf 89' lang='grc' dir='ltr'><strong><em>τὸ</em></strong></span> 
     </span>
     <span class='ocr_line' id='line_1_21' title="bbox 325 2481 1468 2576; baseline -0.001 -21"><span class='ocrx_word' id='word_1_181' title='bbox 325 2491 476 2569; x_wconf 76' lang='grc' dir='ltr'><strong><em>ἐπιτιμᾶν</em></strong></span> <span class='ocrx_word' id='word_1_182' title='bbox 500 2491 687 2570; x_wconf 85' lang='grc' dir='ltr'><strong><em>Βυζαντίοις</em></strong></span> <span class='ocrx_word' id='word_1_183' title='bbox 718 2493 772 2573; x_wconf 78' lang='grc' dir='ltr'><strong><em>τῆς</em></strong></span> <span class='ocrx_word' id='word_1_184' title='bbox 802 2486 836 2554; x_wconf 78' lang='grc' dir='ltr'><strong><em>ἐν</em></strong></span> <span class='ocrx_word' id='word_1_185' title='bbox 858 2497 928 2574; x_wconf 83' lang='grc' dir='ltr'><strong><em>1τσίς</em></strong></span> <span class='ocrx_word' id='word_1_186' title='bbox 958 2481 1061 2565; x_wconf 86' lang='grc' dir='ltr'><strong><em>ούτως</em></strong></span> <span class='ocrx_word' id='word_1_187' title='bbox 1093 2484 1252 2572; x_wconf 76' lang='grc' dir='ltr'><strong><em>ἀκινήτοις</em></strong></span> <span class='ocrx_word' id='word_1_188' title='bbox 1275 2487 1468 2576; x_wconf 65' lang='grc' dir='ltr'><strong><em>εύκσλίαςφθ</em></strong></span> 
     </span>
     <span class='ocr_line' id='line_1_22' title="bbox 285 2584 1426 2677; baseline -0.001 -22"><span class='ocrx_word' id='word_1_189' title='bbox 285 2592 384 2663; x_wconf 70' lang='lat' dir='ltr'><strong>nocie</strong></span> <span class='ocrx_word' id='word_1_190' title='bbox 407 2584 445 2675; x_wconf 83' lang='grc' dir='ltr'><strong><em>ἦν</em></strong></span> <span class='ocrx_word' id='word_1_191' title='bbox 468 2588 529 2657; x_wconf 86' lang='grc' dir='ltr'><strong><em>ἀνά</em></strong></span> <span class='ocrx_word' id='word_1_192' title='bbox 563 2590 676 2673; x_wconf 88' lang='grc' dir='ltr'><strong><em>στόμα.</em></strong></span> <span class='ocrx_word' id='word_1_193' title='bbox 728 2589 781 2657; x_wconf 87' lang='grc' dir='ltr'><strong><em>τόν</em></strong></span> <span class='ocrx_word' id='word_1_194' title='bbox 810 2594 839 2655; x_wconf 93' lang='grc' dir='ltr'><strong><em>δ’</em></strong></span> <span class='ocrx_word' id='word_1_195' title='bbox 861 2589 1101 2673; x_wconf 83' lang='grc' dir='ltr'><strong><em>Ἀλεξανδρείας</em></strong></span> <span class='ocrx_word' id='word_1_196' title='bbox 1130 2590 1186 2654; x_wconf 84' lang='grc' dir='ltr'><strong><em>καί</em></strong></span> <span class='ocrx_word' id='word_1_197' title='bbox 1194 2594 1259 2674; x_wconf 77' lang='grc' dir='ltr'><strong><em>,τῆς</em></strong></span> <span class='ocrx_word' id='word_1_198' title='bbox 1283 2595 1426 2677; x_wconf 80' lang='grc' dir='ltr'><strong><em>φυσικῆς</em></strong></span> 
     </span>
     <span class='ocr_line' id='line_1_23' title="bbox 327 2688 1427 2777; baseline 0.002 -22"><span class='ocrx_word' id='word_1_199' title='bbox 327 2689 492 2774; x_wconf 74' lang='grc' dir='ltr'><strong><em>ἐθαύμαζε</em></strong></span> <span class='ocrx_word' id='word_1_200' title='bbox 514 2690 601 2775; x_wconf 85' lang='grc' dir='ltr'><strong><em>μάλα</em></strong></span> <span class='ocrx_word' id='word_1_201' title='bbox 622 2697 789 2775; x_wconf 74' lang='grc' dir='ltr'><strong><em>συνέσεως,</em></strong></span> <span class='ocrx_word' id='word_1_202' title='bbox 810 2691 946 2777; x_wconf 77' lang='grc' dir='ltr'><strong><em>βεβηκός</em></strong></span> <span class='ocrx_word' id='word_1_203' title='bbox 968 2690 1105 2777; x_wconf 81' lang='grc' dir='ltr'><strong><em>ε’χούσης</em></strong></span> <span class='ocrx_word' id='word_1_204' title='bbox 1123 2688 1159 2756; x_wconf 92' lang='grc' dir='ltr'><strong><em>τό</em></strong></span> <span class='ocrx_word' id='word_1_205' title='bbox 1184 2693 1348 2776; x_wconf 75' lang='grc' dir='ltr'><strong><em>ἐμβριθές,</em></strong></span> <span class='ocrx_word' id='word_1_206' title='bbox 1371 2696 1427 2757; x_wconf 81' lang='grc' dir='ltr'><strong><em>κατ’</em></strong></span> 
     </span>
     <span class='ocr_line' id='line_1_24' title="bbox 327 2783 1510 2883; baseline 0.001 -28"><span class='ocrx_word' id='word_1_207' title='bbox 327 2783 402 2856; x_wconf 84' lang='grc' dir='ltr'><strong><em>ούτε</em></strong></span> <span class='ocrx_word' id='word_1_208' title='bbox 424 2790 503 2879; x_wconf 90' lang='grc' dir='ltr'><strong><em>πρός</em></strong></span> <span class='ocrx_word' id='word_1_209' title='bbox 522 2796 646 2878; x_wconf 82' lang='grc' dir='ltr'><strong><em>ἀωρίαν</em></strong></span> <span class='ocrx_word' id='word_1_210' title='bbox 668 2798 852 2879; x_wconf 83' lang='grc' dir='ltr'><strong><em>φιλοτιμίας</em></strong></span> <span class='ocrx_word' id='word_1_211' title='bbox 872 2793 992 2882; x_wconf 79' lang='grc' dir='ltr'><strong><em>ῥρδίας</em></strong></span> <span class='ocrx_word' id='word_1_212' title='bbox 1009 2792 1240 2883; x_wconf 62' lang='grc' dir='ltr'><strong><em>ἐλαυνόμενον,</em></strong></span> <span class='ocrx_word' id='word_1_213' title='bbox 1263 2784 1336 2855; x_wconf 84' lang='grc' dir='ltr'><strong><em>σότε</em></strong></span> <span class='ocrx_word' id='word_1_214' title='bbox 1359 2789 1427 2875; x_wconf 66' lang='grc' dir='ltr'><strong><em>μὴν</em></strong></span> <span class='ocrx_word' id='word_1_215' title='bbox 1509 2867 1510 2870; x_wconf 10' lang='lat'>¹</span> 
     </span>
    </p>
   </div>
   <div class='ocr_carea' id='block_1_3' title="bbox 230 3093 1510 4371">
    <p class='ocr_par' dir='ltr' id='par_1_6' title="bbox 230 3093 1510 4371">
     <span class='ocr_line' id='line_1_25' title="bbox 322 3093 1429 3166; baseline -0.004 -16"><span class='ocrx_word' id='word_1_216' title='bbox 322 3098 432 3162; x_wconf 89' lang='lat' dir='ltr'><strong>niteret,</strong></span> <span class='ocrx_word' id='word_1_217' title='bbox 451 3110 547 3161; x_wconf 87' lang='lat' dir='ltr'><strong>nemo,</strong></span> <span class='ocrx_word' id='word_1_218' title='bbox 567 3098 630 3165; x_wconf 88' lang='lat' dir='ltr'><strong>quin</strong></span> <span class='ocrx_word' id='word_1_219' title='bbox 648 3096 766 3166; x_wconf 74' lang='lat' dir='ltr'><strong>benigne</strong></span> <span class='ocrx_word' id='word_1_220' title='bbox 786 3112 846 3147; x_wconf 88' lang='lat' dir='ltr'><strong><em>eum</em></strong></span> <span class='ocrx_word' id='word_1_221' title='bbox 872 3095 1010 3162; x_wconf 74' lang='lat' dir='ltr'>exciperet</span> <span class='ocrx_word' id='word_1_222' title='bbox 1029 3102 1057 3145; x_wconf 90' lang='lat' dir='ltr'><strong><em>et</em></strong></span> <span class='ocrx_word' id='word_1_223' title='bbox 1076 3094 1197 3147; x_wconf 85' lang='lat' dir='ltr'><strong>certatim</strong></span> <span class='ocrx_word' id='word_1_224' title='bbox 1225 3093 1372 3146; x_wconf 86' lang='lat' dir='ltr'><strong>honoraret</strong></span> <span class='ocrx_word' id='word_1_225' title='bbox 1396 3110 1429 3147; x_wconf 87' lang='lat' dir='ltr'><strong><em>ao</em></strong></span> 
     </span>
     <span class='ocr_line' id='line_1_26' title="bbox 322 3166 1429 3235; baseline -0.003 -15"><span class='ocrx_word' id='word_1_226' title='bbox 322 3182 405 3221; x_wconf 80' lang='lat' dir='ltr'><strong>verae</strong></span> <span class='ocrx_word' id='word_1_227' title='bbox 423 3168 485 3224; x_wconf 77' lang='lat' dir='ltr'><strong>fidei</strong></span> <span class='ocrx_word' id='word_1_228' title='bbox 505 3169 663 3220; x_wconf 77' lang='lat' dir='ltr'><strong>concordiae</strong></span> <span class='ocrx_word' id='word_1_229' title='bbox 682 3168 822 3219; x_wconf 83' lang='lat' dir='ltr'><strong>manifesta</strong></span> <span class='ocrx_word' id='word_1_230' title='bbox 839 3168 953 3235; x_wconf 74' lang='lat' dir='ltr'><strong>pignora</strong></span> <span class='ocrx_word' id='word_1_231' title='bbox 971 3166 1054 3217; x_wconf 81' lang='lat' dir='ltr'><strong>daret</strong></span> <span class='ocrx_word' id='word_1_232' title='bbox 1091 3174 1146 3217; x_wconf 88' lang='lat' dir='ltr'><strong><em>tom</em></strong></span> <span class='ocrx_word' id='word_1_233' title='bbox 1164 3166 1241 3217; x_wconf 87' lang='lat' dir='ltr'><strong>etiarn</strong></span> <span class='ocrx_word' id='word_1_234' title='bbox 1258 3166 1389 3219; x_wconf 82' lang='lat' dir='ltr'><strong>Antiochi</strong></span> <span class='ocrx_word' id='word_1_235' title='bbox 1396 3183 1429 3218; x_wconf 89' lang='lat' dir='ltr'><strong><em>ac</em></strong></span> 
     </span>
     <span class='ocr_line' id='line_1_27' title="bbox 324 3236 1426 3307; baseline -0.002 -16"><span class='ocrx_word' id='word_1_236' title='bbox 324 3238 484 3307; x_wconf 86' lang='lat' dir='ltr'><strong>patriarcba·</strong></span> <span class='ocrx_word' id='word_1_237' title='bbox 496 3240 622 3307; x_wconf 86' lang='lat' dir='ltr'><strong>scriptum</strong></span> <span class='ocrx_word' id='word_1_238' title='bbox 641 3248 740 3291; x_wconf 91' lang='lat' dir='ltr'><strong>tomum</strong></span> <span class='ocrx_word' id='word_1_239' title='bbox 760 3238 886 3305; x_wconf 90' lang='lat' dir='ltr'><strong>protulit,</strong></span> <span class='ocrx_word' id='word_1_240' title='bbox 906 3239 952 3305; x_wconf 87' lang='lat' dir='ltr'><strong><em>qui</em></strong></span> <span class='ocrx_word' id='word_1_241' title='bbox 971 3238 1176 3288; x_wconf 85' lang='lat' dir='ltr'><strong>consensionem</strong></span> <span class='ocrx_word' id='word_1_242' title='bbox 1203 3236 1370 3289; x_wconf 74' lang='lat' dir='ltr'><strong>orthodoxae</strong></span> <span class='ocrx_word' id='word_1_243' title='bbox 1398 3246 1426 3289; x_wconf 90' lang='lat' dir='ltr'><strong><em>et</em></strong></span> 
     </span>
     <span class='ocr_line' id='line_1_28' title="bbox 326 3307 1430 3375; baseline -0.002 -12"><span class='ocrx_word' id='word_1_244' title='bbox 326 3311 471 3363; x_wconf 87' lang='lat' dir='ltr'><strong>communis</strong></span> <span class='ocrx_word' id='word_1_245' title='bbox 489 3319 597 3362; x_wconf 88' lang='lat' dir='ltr'><strong>nostrae</strong></span> <span class='ocrx_word' id='word_1_246' title='bbox 619 3311 680 3362; x_wconf 84' lang='lat' dir='ltr'><strong>fidei</strong></span> <span class='ocrx_word' id='word_1_247' title='bbox 707 3310 888 3372; x_wconf 89' lang='lat' dir='ltr'><strong>continebat,</strong></span> <span class='ocrx_word' id='word_1_248' title='bbox 906 3307 1036 3360; x_wconf 86' lang='lat' dir='ltr'><strong>Palomam</strong></span> <span class='ocrx_word' id='word_1_249' title='bbox 1055 3322 1121 3359; x_wconf 81' lang='lat' dir='ltr'><strong>vero</strong></span> <span class='ocrx_word' id='word_1_250' title='bbox 1142 3316 1171 3359; x_wconf 92' lang='lat' dir='ltr'><strong><em>ut</em></strong></span> <span class='ocrx_word' id='word_1_251' title='bbox 1184 3310 1280 3375; x_wconf 78' lang='lat' dir='ltr'><strong>spuria</strong></span> <span class='ocrx_word' id='word_1_252' title='bbox 1308 3316 1335 3359; x_wconf 90' lang='lat' dir='ltr'><strong><em>et</em></strong></span> <span class='ocrx_word' id='word_1_253' title='bbox 1360 3324 1430 3375; x_wconf 87' lang='lat' dir='ltr'><strong>pro-</strong></span> 
     </span>
     <span class='ocr_line' id='line_1_29' title="bbox 315 3379 1431 3449; baseline -0.003 -15"><span class='ocrx_word' id='word_1_254' title='bbox 315 3383 390 3435; x_wconf 88' lang='lat' dir='ltr'><strong>·lana</strong></span> <span class='ocrx_word' id='word_1_255' title='bbox 411 3382 535 3449; x_wconf 74' lang='lat' dir='ltr'><strong>dogmata</strong></span> <span class='ocrx_word' id='word_1_256' title='bbox 553 3381 723 3433; x_wconf 78' lang='lat' dir='ltr'><strong>inducentem</strong></span> <span class='ocrx_word' id='word_1_257' title='bbox 743 3396 776 3431; x_wconf 87' lang='lat' dir='ltr'><strong><em>ex</em></strong></span> <span class='ocrx_word' id='word_1_258' title='bbox 794 3381 838 3431; x_wconf 91' lang='lat' dir='ltr'><strong><em>dei</em></strong></span> <span class='ocrx_word' id='word_1_259' title='bbox 859 3379 975 3431; x_wconf 87' lang='lat' dir='ltr'><strong>ecclesia</strong></span> <span class='ocrx_word' id='word_1_260' title='bbox 995 3379 1175 3430; x_wconf 78' lang='lat' dir='ltr'><strong>eiicicbat—</strong></span> <span class='ocrx_word' id='word_1_261' title='bbox 1202 3388 1300 3441; x_wconf 90' lang='lat' dir='ltr'><strong>tomum</strong></span> <span class='ocrx_word' id='word_1_262' title='bbox 1320 3381 1431 3431; x_wconf 88' lang='lat' dir='ltr'><strong>scilicet</strong></span> 
     </span>
     <span class='ocr_line' id='line_1_30' title="bbox 326 3450 1430 3533; baseline -0.003 -28"><span class='ocrx_word' id='word_1_263' title='bbox 326 3452 413 3517; x_wconf 90' lang='lat' dir='ltr'><strong>illum,</strong></span> <span class='ocrx_word' id='word_1_264' title='bbox 428 3466 506 3519; x_wconf 87' lang='lat' dir='ltr'><strong>quem</strong></span> <span class='ocrx_word' id='word_1_265' title='bbox 525 3458 720 3517; x_wconf 70' lang='lat' dir='ltr'><strong><em>composuerat,</em></strong></span> <span class='ocrx_word' id='word_1_266' title='bbox 740 3466 820 3518; x_wconf 89' lang='lat' dir='ltr'><strong>quum</strong></span> <span class='ocrx_word' id='word_1_267' title='bbox 838 3450 969 3533; x_wconf 62' lang='lat' dir='ltr'><strong>Byzantii</strong></span> <span class='ocrx_word' id='word_1_268' title='bbox 982 3450 1088 3501; x_wconf 89' lang='lat' dir='ltr'><strong>audiret</strong></span> <span class='ocrx_word' id='word_1_269' title='bbox 1105 3458 1132 3501; x_wconf 91' lang='lat' dir='ltr'><strong><em>et</em></strong></span> <span class='ocrx_word' id='word_1_270' title='bbox 1149 3450 1288 3502; x_wconf 81' lang='lat' dir='ltr'><strong>adreveret</strong></span> <span class='ocrx_word' id='word_1_271' title='bbox 1300 3450 1430 3503; x_wconf 87' lang='lat' dir='ltr'><strong>loannem</strong></span> 
     </span>
     <span class='ocr_line' id='line_1_31' title="bbox 230 3489 1430 3593; baseline -0.001 -18"><span class='ocrx_word' id='word_1_272' title='bbox 230 3560 234 3575; x_wconf 78' lang='lat'>.</span> <span class='ocrx_word' id='word_1_273' title='bbox 325 3489 502 3593; x_wconf 65' lang='lat' dir='ltr'><strong>patria’rcbam</strong></span> <span class='ocrx_word' id='word_1_274' title='bbox 523 3522 634 3590; x_wconf 83' lang='lat' dir='ltr'><strong>eiusque</strong></span> <span class='ocrx_word' id='word_1_275' title='bbox 655 3523 807 3588; x_wconf 90' lang='lat' dir='ltr'><strong>episcopos,</strong></span> <span class='ocrx_word' id='word_1_276' title='bbox 827 3524 871 3591; x_wconf 90' lang='lat' dir='ltr'><strong><em>qui</em></strong></span> <span class='ocrx_word' id='word_1_277' title='bbox 890 3516 1045 3589; x_wconf 82' lang='lat' dir='ltr'><strong>aliquandiu</strong></span> <span class='ocrx_word' id='word_1_278' title='bbox 1063 3522 1218 3588; x_wconf 87' lang='lat' dir='ltr'><strong>superiores</strong></span> <span class='ocrx_word' id='word_1_279' title='bbox 1238 3529 1314 3573; x_wconf 88' lang='lat' dir='ltr'><strong>erant</strong></span> <span class='ocrx_word' id='word_1_280' title='bbox 1333 3521 1368 3573; x_wconf 97' lang='lat' dir='ltr'><strong><em>ob</em></strong></span> <span class='ocrx_word' id='word_1_281' title='bbox 1377 3538 1430 3574; x_wconf 83' lang='lat' dir='ltr'><strong><em>ve</em></strong></span> 
     </span>
     <span class='ocr_line' id='line_1_32' title="bbox 328 3592 1430 3674; baseline -0.003 -27"><span class='ocrx_word' id='word_1_282' title='bbox 328 3596 414 3647; x_wconf 88' lang='lat' dir='ltr'><strong>ritatis</strong></span> <span class='ocrx_word' id='word_1_283' title='bbox 434 3594 488 3647; x_wconf 79' lang='lat' dir='ltr'><strong><em>uim</em></strong></span> <span class='ocrx_word' id='word_1_284' title='bbox 496 3608 590 3661; x_wconf 86' lang='lat' dir='ltr'><strong>,quam</strong></span> <span class='ocrx_word' id='word_1_285' title='bbox 609 3592 788 3645; x_wconf 75' lang='lat' dir='ltr'><strong>defendebant</strong></span> <span class='ocrx_word' id='word_1_286' title='bbox 808 3601 835 3643; x_wconf 91' lang='lat' dir='ltr'><strong><em>et</em></strong></span> <span class='ocrx_word' id='word_1_287' title='bbox 853 3594 925 3661; x_wconf 88' lang='lat' dir='ltr'><strong>quod</strong></span> <span class='ocrx_word' id='word_1_288' title='bbox 943 3606 998 3643; x_wconf 88' lang='lat' dir='ltr'><strong><em>non</em></strong></span> <span class='ocrx_word' id='word_1_289' title='bbox 1017 3592 1117 3656; x_wconf 84' lang='lat' dir='ltr'><strong>aderet,</strong></span> <span class='ocrx_word' id='word_1_290' title='bbox 1136 3593 1182 3660; x_wconf 83' lang='lat' dir='ltr'><strong><em>qui</em></strong></span> <span class='ocrx_word' id='word_1_291' title='bbox 1201 3593 1235 3643; x_wconf 87' lang='lat' dir='ltr'><strong><em>iis</em></strong></span> <span class='ocrx_word' id='word_1_292' title='bbox 1254 3608 1284 3644; x_wconf 88' lang='lat' dir='ltr'><strong><em>se</em></strong></span> <span class='ocrx_word' id='word_1_293' title='bbox 1303 3607 1430 3674; x_wconf 84' lang='lat' dir='ltr'><strong>oppone-</strong></span> 
     </span>
     <span class='ocr_line' id='line_1_33' title="bbox 300 3629 1430 3745; baseline -0.003 -27"><span class='ocrx_word' id='word_1_294' title='bbox 300 3687 306 3693; x_wconf 56' lang='lat'><em>*</em></span> <span class='ocrx_word' id='word_1_295' title='bbox 329 3674 381 3729; x_wconf 87' lang='lat' dir='ltr'><strong>ret,</strong></span> <span class='ocrx_word' id='word_1_296' title='bbox 401 3629 621 3729; x_wconf 62' lang='lat' dir='ltr'><strong>Cantac’uaenus,</strong></span> <span class='ocrx_word' id='word_1_297' title='bbox 642 3678 674 3715; x_wconf 88' lang='lat' dir='ltr'><strong><em>eo</em></strong></span> <span class='ocrx_word' id='word_1_298' title='bbox 693 3664 817 3715; x_wconf 86' lang='lat' dir='ltr'><strong>nimirum</strong></span> <span class='ocrx_word' id='word_1_299' title='bbox 835 3672 976 3731; x_wconf 86' lang='lat' dir='ltr'><strong>tempore,</strong></span> <span class='ocrx_word' id='word_1_300' title='bbox 995 3678 1048 3745; x_wconf 76' lang='lat' dir='ltr'><strong><em>quo</em></strong></span> <span class='ocrx_word' id='word_1_301' title='bbox 1072 3671 1175 3730; x_wconf 86' lang='lat' dir='ltr'><strong>postem</strong></span> <span class='ocrx_word' id='word_1_302' title='bbox 1199 3654 1276 3715; x_wconf 69' lang='lat' dir='ltr'><strong>istim</strong></span> <span class='ocrx_word' id='word_1_303' title='bbox 1308 3664 1336 3715; x_wconf 88' lang='lat' dir='ltr'><strong><em>in</em></strong></span> <span class='ocrx_word' id='word_1_304' title='bbox 1360 3678 1430 3731; x_wconf 89' lang='lat' dir='ltr'><strong>puro</strong></span> 
     </span>
     <span class='ocr_line' id='line_1_34' title="bbox 328 3735 1431 3818; baseline -0.001 -31"><span class='ocrx_word' id='word_1_305' title='bbox 328 3751 394 3804; x_wconf 76' lang='lat' dir='ltr'><strong>agro</strong></span> <span class='ocrx_word' id='word_1_306' title='bbox 416 3736 528 3803; x_wconf 89' lang='lat' dir='ltr'><strong>primum</strong></span> <span class='ocrx_word' id='word_1_307' title='bbox 547 3742 760 3787; x_wconf 71' lang='lat' dir='ltr'><strong>succrescentem</strong></span> <span class='ocrx_word' id='word_1_308' title='bbox 780 3751 839 3785; x_wconf 88' lang='lat' dir='ltr'><strong><em>cum</em></strong></span> <span class='ocrx_word' id='word_1_309' title='bbox 857 3737 917 3801; x_wconf 92' lang='lat' dir='ltr'><strong>ipso</strong></span> <span class='ocrx_word' id='word_1_310' title='bbox 937 3735 1057 3803; x_wconf 77' lang='lat' dir='ltr'><strong>germine</strong></span> <span class='ocrx_word' id='word_1_311' title='bbox 1078 3735 1271 3818; x_wconf 81' lang='lat' dir='ltr'><strong>exstirpandam</strong></span> <span class='ocrx_word' id='word_1_312' title='bbox 1291 3750 1353 3786; x_wconf 89' lang='lat' dir='ltr'><strong>esse</strong></span> <span class='ocrx_word' id='word_1_313' title='bbox 1377 3736 1431 3786; x_wconf 90' lang='lat' dir='ltr'><strong><em>de-</em></strong></span> 
     </span>
     <span class='ocr_line' id='line_1_35' title="bbox 331 3804 1430 3873; baseline -0.002 -15"><span class='ocrx_word' id='word_1_314' title='bbox 331 3814 431 3859; x_wconf 88' lang='lat' dir='ltr'><strong>cretum</strong></span> <span class='ocrx_word' id='word_1_315' title='bbox 452 3813 501 3857; x_wconf 89' lang='lat' dir='ltr'><strong>est.</strong></span> <span class='ocrx_word' id='word_1_316' title='bbox 539 3806 590 3857; x_wconf 92' lang='lat' dir='ltr'><strong><em>boc</em></strong></span> <span class='ocrx_word' id='word_1_317' title='bbox 608 3814 679 3857; x_wconf 91' lang='lat' dir='ltr'><strong>tomo</strong></span> <span class='ocrx_word' id='word_1_318' title='bbox 700 3804 812 3858; x_wconf 86' lang='lat' dir='ltr'><strong>evoluto</strong></span> <span class='ocrx_word' id='word_1_319' title='bbox 832 3821 892 3857; x_wconf 88' lang='lat' dir='ltr'><strong><em>eom</em></strong></span> <span class='ocrx_word' id='word_1_320' title='bbox 910 3807 949 3857; x_wconf 91' lang='lat' dir='ltr'><strong><em>ait</em></strong></span> <span class='ocrx_word' id='word_1_321' title='bbox 969 3806 1118 3857; x_wconf 85' lang='lat' dir='ltr'><strong>ostendisse</strong></span> <span class='ocrx_word' id='word_1_322' title='bbox 1145 3807 1223 3857; x_wconf 87' lang='lat' dir='ltr'><strong>ctiam</strong></span> <span class='ocrx_word' id='word_1_323' title='bbox 1249 3805 1430 3873; x_wconf 88' lang='lat' dir='ltr'><strong>subscriptio.</strong></span> 
     </span>
     <span class='ocr_line' id='line_1_36' title="bbox 329 3876 1510 3945; baseline -0.006 -14"><span class='ocrx_word' id='word_1_324' title='bbox 329 3893 379 3931; x_wconf 87' lang='lat' dir='ltr'><strong><em>nes</em></strong></span> <span class='ocrx_word' id='word_1_325' title='bbox 397 3876 577 3928; x_wconf 77' lang='lat' dir='ltr'><strong>unanimitatis</strong></span> <span class='ocrx_word' id='word_1_326' title='bbox 590 3878 706 3927; x_wconf 90' lang='lat' dir='ltr'><strong>omnium</strong></span> <span class='ocrx_word' id='word_1_327' title='bbox 725 3876 799 3929; x_wconf 84' lang='lat' dir='ltr'><strong>illius</strong></span> <span class='ocrx_word' id='word_1_328' title='bbox 817 3878 973 3945; x_wconf 75' lang='lat' dir='ltr'><strong>proyineiac</strong></span> <span class='ocrx_word' id='word_1_329' title='bbox 993 3877 1181 3943; x_wconf 88' lang='lat' dir='ltr'><strong>episcoporum</strong></span> <span class='ocrx_word' id='word_1_330' title='bbox 1200 3884 1227 3927; x_wconf 92' lang='lat' dir='ltr'><strong><em>et</em></strong></span> <span class='ocrx_word' id='word_1_331' title='bbox 1252 3876 1429 3943; x_wconf 72' lang='lat' dir='ltr'><strong>presbytero.</strong></span> <span class='ocrx_word' id='word_1_332' title='bbox 1509 3933 1510 3936; x_wconf 8' lang='grc' dir='ltr'><strong>Ἴ</strong></span> 
     </span>
     <span class='ocr_line' id='line_1_37' title="bbox 330 3946 1430 4015; baseline -0.005 -14"><span class='ocrx_word' id='word_1_333' title='bbox 330 3955 486 4015; x_wconf 81' lang='lat' dir='ltr'><strong>sumatque</strong></span> <span class='ocrx_word' id='word_1_334' title='bbox 509 3946 623 3997; x_wconf 84' lang='lat' dir='ltr'><strong>eliorum</strong></span> <span class='ocrx_word' id='word_1_335' title='bbox 643 3946 850 4000; x_wconf 77' lang='lat' dir='ltr'><strong>lectissimorum</strong></span> <span class='ocrx_word' id='word_1_336' title='bbox 863 3950 992 4011; x_wconf 82' lang='lat' dir='ltr'><strong>virorum,</strong></span> <span class='ocrx_word' id='word_1_337' title='bbox 1011 3950 1057 4015; x_wconf 88' lang='lat' dir='ltr'><strong><em>qui</em></strong></span> <span class='ocrx_word' id='word_1_338' title='bbox 1076 3949 1104 3998; x_wconf 90' lang='lat' dir='ltr'><strong><em>in</em></strong></span> <span class='ocrx_word' id='word_1_339' title='bbox 1123 3948 1214 4000; x_wconf 87' lang='lat' dir='ltr'><strong>eadem</strong></span> <span class='ocrx_word' id='word_1_340' title='bbox 1222 3950 1360 4001; x_wconf 87' lang='lat' dir='ltr'><strong>sententia</strong></span> <span class='ocrx_word' id='word_1_341' title='bbox 1371 3956 1430 4001; x_wconf 86' lang='lat' dir='ltr'><strong>sta.</strong></span> 
     </span>
     <span class='ocr_line' id='line_1_38' title="bbox 331 4018 1431 4086; baseline -0.002 -15"><span class='ocrx_word' id='word_1_342' title='bbox 331 4028 400 4071; x_wconf 89' lang='lat' dir='ltr'><strong>rent.</strong></span> <span class='ocrx_word' id='word_1_343' title='bbox 445 4018 538 4069; x_wconf 90' lang='lat' dir='ltr'><strong>eodem</strong></span> <span class='ocrx_word' id='word_1_344' title='bbox 562 4032 644 4070; x_wconf 86' lang='lat' dir='ltr'><strong>sensu</strong></span> <span class='ocrx_word' id='word_1_345' title='bbox 663 4020 798 4086; x_wconf 86' lang='lat' dir='ltr'><strong>praeditos</strong></span> <span class='ocrx_word' id='word_1_346' title='bbox 818 4028 845 4071; x_wconf 89' lang='lat' dir='ltr'><strong><em>et</em></strong></span> <span class='ocrx_word' id='word_1_347' title='bbox 862 4019 1042 4072; x_wconf 79' lang='lat' dir='ltr'><strong>Alexandriae</strong></span> <span class='ocrx_word' id='word_1_348' title='bbox 1059 4018 1210 4086; x_wconf 80' lang='lat' dir='ltr'><strong>praesulem</strong></span> <span class='ocrx_word' id='word_1_349' title='bbox 1229 4035 1288 4070; x_wconf 88' lang='lat' dir='ltr'><strong><em>eum</em></strong></span> <span class='ocrx_word' id='word_1_350' title='bbox 1307 4019 1431 4071; x_wconf 88' lang='lat' dir='ltr'><strong>omnibus</strong></span> 
     </span>
     <span class='ocr_line' id='line_1_39' title="bbox 334 4088 1432 4173; baseline 0 -30"><span class='ocrx_word' id='word_1_351' title='bbox 334 4089 477 4158; x_wconf 87' lang='lat' dir='ltr'><strong>episcopis.</strong></span> <span class='ocrx_word' id='word_1_352' title='bbox 488 4089 512 4138; x_wconf 89' lang='lat' dir='ltr'><strong><em>ei</em></strong></span> <span class='ocrx_word' id='word_1_353' title='bbox 532 4088 644 4141; x_wconf 90' lang='lat' dir='ltr'><strong>subditis</strong></span> <span class='ocrx_word' id='word_1_354' title='bbox 664 4097 691 4141; x_wconf 90' lang='lat' dir='ltr'><strong><em>et</em></strong></span> <span class='ocrx_word' id='word_1_355' title='bbox 712 4105 782 4155; x_wconf 90' lang='lat' dir='ltr'><strong>eum,</strong></span> <span class='ocrx_word' id='word_1_356' title='bbox 802 4093 848 4159; x_wconf 89' lang='lat' dir='ltr'><strong><em>qui</em></strong></span> <span class='ocrx_word' id='word_1_357' title='bbox 866 4088 1176 4173; x_wconf 73' lang='lat' dir='ltr'><strong>tnmllierosolymorum</strong></span> <span class='ocrx_word' id='word_1_358' title='bbox 1195 4090 1362 4158; x_wconf 73' lang='lat' dir='ltr'><strong>gubernabat</strong></span> <span class='ocrx_word' id='word_1_359' title='bbox 1381 4107 1432 4143; x_wconf 90' lang='lat' dir='ltr'><strong><em>cc-</em></strong></span> 
     </span>
     <span class='ocr_line' id='line_1_40' title="bbox 334 4162 1433 4246; baseline -0.001 -33"><span class='ocrx_word' id='word_1_360' title='bbox 334 4162 455 4224; x_wconf 81' lang='lat' dir='ltr'><strong>clesiam,</strong></span> <span class='ocrx_word' id='word_1_361' title='bbox 475 4174 505 4211; x_wconf 89' lang='lat' dir='ltr'><strong><em>se</em></strong></span> <span class='ocrx_word' id='word_1_362' title='bbox 524 4168 661 4227; x_wconf 86' lang='lat' dir='ltr'><strong>expertum</strong></span> <span class='ocrx_word' id='word_1_363' title='bbox 678 4177 738 4213; x_wconf 83' lang='lat' dir='ltr'><strong>esse</strong></span> <span class='ocrx_word' id='word_1_364' title='bbox 757 4163 824 4213; x_wconf 87' lang='lat' dir='ltr'><strong>dixit</strong></span> <span class='ocrx_word' id='word_1_365' title='bbox 841 4171 921 4246; x_wconf 80' lang='lat' dir='ltr'><strong>atquc</strong></span> <span class='ocrx_word' id='word_1_366' title='bbox 943 4163 1193 4219; x_wconf 81' lang='lat' dir='ltr'><strong>omninoncminem</strong></span> <span class='ocrx_word' id='word_1_367' title='bbox 1212 4163 1306 4225; x_wconf 84' lang='lat' dir='ltr'><strong>luisse,</strong></span> <span class='ocrx_word' id='word_1_368' title='bbox 1327 4163 1433 4214; x_wconf 83' lang='lat' dir='ltr'><strong>coinon</strong></span> 
     </span>
     <span class='ocr_line' id='line_1_41' title="bbox 325 4230 1433 4309; baseline -0.002 -23.981"><span class='ocrx_word' id='word_1_369' title='bbox 325 4230 511 4309; x_wconf 85' lang='lat' dir='ltr'><strong>reprehensio</strong></span> <span class='ocrx_word' id='word_1_370' title='bbox 530 4230 748 4299; x_wconf 76' lang='lat' dir='ltr'><strong>Byzantinornm,</strong></span> <span class='ocrx_word' id='word_1_371' title='bbox 768 4236 865 4301; x_wconf 88' lang='lat' dir='ltr'><strong>quod&#39;</strong></span> <span class='ocrx_word' id='word_1_372' title='bbox 858 4250 886 4285; x_wconf 81' lang='lat' dir='ltr'><strong><em>sn</em></strong></span> <span class='ocrx_word' id='word_1_373' title='bbox 903 4234 983 4285; x_wconf 88' lang='lat' dir='ltr'><strong>rebus</strong></span> <span class='ocrx_word' id='word_1_374' title='bbox 1002 4240 1054 4283; x_wconf 87' lang='lat' dir='ltr'><strong><em>tam</em></strong></span> <span class='ocrx_word' id='word_1_375' title='bbox 1074 4232 1281 4285; x_wconf 83' lang='lat' dir='ltr'><strong>immutabilibus</strong></span> <span class='ocrx_word' id='word_1_376' title='bbox 1299 4240 1373 4284; x_wconf 84' lang='lat' dir='ltr'><strong>tanta</strong></span> <span class='ocrx_word' id='word_1_377' title='bbox 1389 4233 1433 4284; x_wconf 86' lang='lat' dir='ltr'><strong><em>le-</em></strong></span> 
     </span>
     <span class='ocr_line' id='line_1_42' title="bbox 325 4296 1434 4371; baseline -0.001 -12.987"><span class='ocrx_word' id='word_1_378' title='bbox 325 4296 423 4359; x_wconf 75' lang='lat' dir='ltr'><strong>vitute</strong></span> <span class='ocrx_word' id='word_1_379' title='bbox 443 4308 549 4368; x_wconf 80' lang='lat' dir='ltr'><strong>essent,</strong></span> <span class='ocrx_word' id='word_1_380' title='bbox 567 4304 595 4355; x_wconf 89' lang='lat' dir='ltr'><strong><em>in</em></strong></span> <span class='ocrx_word' id='word_1_381' title='bbox 611 4316 658 4355; x_wconf 92' lang='lat' dir='ltr'><strong><em>ore</em></strong></span> <span class='ocrx_word' id='word_1_382' title='bbox 682 4314 788 4371; x_wconf 83' lang='lat' dir='ltr'><strong>semper</strong></span> <span class='ocrx_word' id='word_1_383' title='bbox 814 4306 917 4358; x_wconf 84' lang='lat' dir='ltr'><strong>luisset.</strong></span> <span class='ocrx_word' id='word_1_384' title='bbox 961 4302 1140 4357; x_wconf 77' lang='lat' dir='ltr'><strong>Alexandriae</strong></span> <span class='ocrx_word' id='word_1_385' title='bbox 1167 4312 1255 4360; x_wconf 87' lang='lat' dir='ltr'><strong>autem</strong></span> <span class='ocrx_word' id='word_1_386' title='bbox 1281 4303 1434 4371; x_wconf 82' lang='lat' dir='ltr'><strong>praesulem</strong></span> 
     </span>
    </p>
   </div>
   <div class='ocr_carea' id='block_1_4' title="bbox 0 0 1615 5100">
    <p class='ocr_par' dir='ltr' id='par_1_7' title="bbox 0 0 1615 5100">
     <span class='ocr_line' id='line_1_43' title="bbox 0 0 1615 5100; baseline 0 0"><span class='ocrx_word' id='word_1_387' title='bbox 0 0 1615 5100; x_wconf 95' lang='lat' dir='ltr'><strong><em> </em></strong></span> 
     </span>
    </p>
   </div>
  </div>
 </body>
</html>
