3184 5100
327 344 402 427 tlt
579 324 588 345 ‘
630 360 856 435 nimomm
883 360 1115 459 enmomn

327 552 389 596 σιν.
412 524 536 613 eulysio
551 529 605 593 καί
625 525 736 611 ἰατρός
753 512 953 605 πολλάκιςτά
970 530 1121 595 δοκοῦντά
1135 553 1198 595 τισι
1208 529 1255 614 μὴ
1269 523 1353 597 εἶναι
1368 553 1435 597 κα·

328 626 478 715 τάλληλα,
499 636 599 697 ταῦτα
620 639 683 705 τοϊς
705 630 924 711 ὑποκειμένοις
944 629 1133 716 τραύμασιν,
1155 627 1199 707 ιδς
1218 626 1302 697 οἶδεν
1322 631 1433 711 αὐτός,

329 728 517 816 ἐπιτίθησιν,
538 733 631 797 netto
653 734 759 815 ἕτερον
781 723 898 816 ἢπρδς
919 732 979 817 τὴν
1000 731 1107 815 ὑγείαν
1130 730 1214 814 όχων
1226 732 1282 799 τόν
1303 735 1432 799 σκοπόν.

329 834 384 895 καί
405 834 596 898 διδασκάλου
616 836 651 899 δὲ
666 835 824 920 φρονίμου
843 830 958 917 τρόπος
977 824 1077 910 οὗτος,
1099 831 1177 918 πρός
1198 836 1236 898 τὰ
1252 838 1316 899 τάν
1335 836 1433 901 διδα.
1511 843 1512 902 l

262 935 486 1013 θθσιιομδνων
510 925 573 1019 ἤδη
594 937 800 1001 διατίθεσθαι
823 939 879 1000 καί
896 941 1012 1001 λαλεῖν.
1037 932 1181 1013 όνόματα
1200 939 1277 1018 γοδν
1295 936 1351 1001 καί
1372 936 1457 1024 (δη-5

328 1040 505 1115 ματα,καί
526 1028 600 1101 δοαι
635 1043 699 1101 τῶν
719 1042 832 1116 λέξεων
852 1036 906 1103 διά
931 1040 1048 1122 φωνάν
1076 1034 1183 1111 άπλάς
1204 1041 1259 1101 καί
1277 1038 1432 1122 γραμμό.
1511 1053 1512 1138 η

328 1158 390 1201 των
410 1139 684 1231 σημαντικαίιτῶν
704 1138 917 1232 όιιοκειμδνων
939 1140 1080 1221 γίνονται
1102 1137 1307 1222 πραγμάτων,
1329 1132 1431 1207 όνίοτε
1511 1151 1512 1158 ’

199 1234 219 1289 f·
235 1234 386 1319 ilionis
405 1240 478 1303 καθ’
500 1236 684 1320 ὁμωνυμίαν
706 1238 738 1303 δν
760 1236 930 1325 διαφόροις
951 1239 1138 1324 ἀδιαφόρως
1158 1239 1431 1325 παραλαμβάνον-

327 1363 380 1403 ται
397 1336 591 1422 πράγμασιν,
617 1336 716 1405 ἐνίοτε
738 1342 774 1405 δὲ
802 1342 870 1404 κατ’
900 1338 1104 1420 α’ντωνυμίαν
1130 1342 1164 1404 όν
1179 1343 1306 1422 μειζοσό
1321 1365 1354 1409 τε
1375 1342 1432 1406 καί

330 1436 495 1505 ε’λάττοσιν
518 1437 703 1525 ὁρωμένην,
716 1440 771 1505 καί
789 1434 850 1506 όσα
871 1433 974 1517 άλλως
993 1440 1047 1506 τόν
1069 1437 1181 1522 δμοιον
1209 1440 1277 1525 ἔχει
1298 1439 1429 1529 τρόπον,
1440 1449 1473 1502 1⁰
1511 1423 1512 1500 ί

330 1540 429 1607 ἐνίοτε
449 1542 485 1605 δὲ
506 1545 580 1606 καθ’
600 1537 658 1607 bon
695 1537 882 1625 συιοόνυμόν
904 1568 972 1619 πως
994 1541 1050 1626 την
1072 1543 1220 1627 σχετικὴν
1247 1544 1353 1609 αι’τιάν
1377 1569 1430 1608 κε-

327 1638 506 1725 κλήρωται·
551 1646 623 1707 καθ’
644 1643 681 1729 ἢν
705 1642 864 1728 δήπουθεν
884 1644 939 1709 καί
960 1643 995 1708 τό
1016 1642 1087 1709 ἴσον
1108 1641 1168 1733 ἴσην
1181 1648 1354 1727 συμβαίνει
1377 1652 1431 1713 λέ-

239 1756 249 1769 '
326 1746 440 1825 γεαδαι
462 1740 549 1825 ἴσον,
582 1744 639 1810 καί
668 1742 722 1811 τόν
754 1748 848 1832 φιλον
868 1744 952 1833 φίλην
971 1746 1083 1831 φίλον,
1113 1747 1169 1810 καί
1199 1742 1302 1811 intua
1324 1746 1430 1832 δήπου

327 1842 545 1929 παραπλήσια,
566 1845 609 1923 σός
629 1848 774 1929 γίνεσθαι
797 1849 974 1930 πολυσχιδῆ
988 1850 1050 1927 μὲν
1069 1849 1104 1911 όν
1123 1856 1187 1921 τοῖς
1203 1849 1431 1931 μεριζομένοις
1512 1895 1513 1914 ι

327 1943 495 2029 πράγμασι
519 1946 575 2031 τήν
599 1947 707 2025 αάτάν
736 1950 955 2029 ι’διοτροπίαν,
977 1947 1031 2011 ε’πί
1050 1949 1086 2012 δὲ
1107 1951 1187 2012 θεοῦ
1206 1950 1357 2032 μονοειδῆ
1376 1950 1433 2015 κατ’
1442 1957 1474 2011 15
1512 1919 1513 1990 l

329 2046 604 2129 άμόριατονῗκατά
626 2046 683 2132 τήν
701 2049 760 2112 noui
780 2043 852 2122 ἑνός
873 2046 1083 2129 όποκειμδνου
1107 2046 1261 2133 δήλωσιν,
1285 2052 1366 2132 λέγω
1388 2047 1429 2132 δη

327 2144 505 2233 τηνάμερῆ
536 2146 590 2214 καί
617 2146 856 2233 ἀσχημάτιστον
876 2152 934 2213 καί
954 2147 1091 2233 άόρατον
1111 2148 1250 2231 ἐκείνην,
1271 2144 1337 2234 ἥτις
1358 2158 1430 2216 ποτ’
1468 2228 1472 2239 Ι

233 2322 241 2332 .
329 2250 423 2333 ἐστιν,
446 2242 545 2315 οὖσαν
568 2252 699 2315 ου’σίαν·
751 2246 789 2335 ἢν
808 2230 1018 2335 ψυχοιρόφον
1037 2253 1174 2331 λειμῶνα
1197 2255 1254 2315 καί
1274 2252 1431 2335 άληθείας

329 2348 477 2430 θάλαμον
502 2374 549 2428 τις
569 2354 704 2425 καλέσας
724 2353 781 2417 oola
803 2342 862 2431 όν,
887 2345 994 2432 οἶμαι,
1016 2334 1163 2434 άμάρτοι.
1207 2348 1241 2416 ἓν
1260 2352 1322 2435 γάρ
1345 2344 1430 2417 oliuo

261 2466 315 2519 οἳ
328 2456 455 2537 κυρίως,
477 2456 563 2534 μόνει
589 2456 737 2539 διηνεκῶς
758 2458 790 2519 ἐν
812 2459 854 2543 τῷ
877 2450 935 2540 ἔνι’,
956 2456 1078 2535 μᾶλλον
1099 2454 1129 2517 δ’
1143 2454 1240 2519 εἰπεῖν
1260 2450 1295 2517 ἐν
1315 2446 1473 2541 {sufflo

328 2555 384 2619 καί
403 2554 556 2638 μεριστάς
579 2560 759 2642 πεφυκυίας
777 2556 836 2634 τάς
861 2557 1016 2642 ἡμετέρας
1039 2557 1169 2643 νοήσεις,
1190 2562 1247 2622 καί
1270 2557 1429 2643 διάφορον
1474 2610 1478 2618 .

328 2652 386 2739 τήν
409 2653 578 2744 περιολκην
594 2661 668 2742 περί
686 2660 803 2723 ἕκαστα
825 2660 888 2723 τάν
909 2659 1106 2743 πραγμάτων
1120 2655 1358 2742 λαμβανοάοας,
1381 2657 1429 2732 εἷς

314 2745 405 2840 ’μίαν
425 2754 495 2825 τινά
519 2761 576 2824 καί
595 2751 779 2843 άδιάκριτον
800 2763 856 2825 καί
869 2759 989 2835 ταότας
1007 2760 1118 2845 νόησιν
1131 2766 1288 2846 συναιρεῖ,
1309 2757 1354 2835 alc
1374 2759 1428 2841 γί-

330 3040 372 3090 οα,
393 3039 462 3094 qnae
478 3025 615 3078 nonnullis
625 3040 679 3078 non
692 3041 753 3078 esse
764 3033 826 3094 apta
841 3026 974 3090 videntur,
996 3024 1140 3078 tractandis
1151 3022 1308 3078 vulneribus
1328 3037 1362 3074 ex
1380 3037 1428 3075 sua

330 3097 485 3166 cognitione
498 3097 619 3166 imponit,
629 3097 697 3150 nibil
707 3097 779 3150 aliud
793 3114 869 3167 quam
884 3098 1065 3151 valetudinem
1079 3103 1211 3164 spectans,
1229 3103 1256 3146 et
1266 3101 1428 3162 praecepto.

328 3169 366 3222 uis
387 3170 523 3236 prudentis
543 3169 684 3221 consilium
700 3177 741 3221 est
759 3169 820 3238 bop,
840 3178 869 3221 ut
887 3171 919 3222 ad
937 3168 1128 3236 discipulorum
1141 3181 1228 3218 mones
1247 3167 1318 3218 dieat
1336 3174 1365 3216 et
1382 3165 1428 3217 1ο.

330 3249 434 3308 ουσιαι.
454 3242 561 3292 uomina
581 3241 686 3309 quidem
707 3249 733 3291 et
751 3241 834 3293 verba
854 3249 880 3293 et
893 3255 1069 3310 quaecunque
1085 3254 1167 3291 voees
1186 3240 1259 3289 souis
1272 3238 1380 3288 omnino
1401 3245 1430 3288 et

329 3312 417 3364 litenis
438 3312 590 3380 significant
603 3328 648 3363 res
666 3314 827 3380 suppositae,
841 3313 972 3365 interdum
986 3319 1147 3378 usurpantur
1159 3311 1303 3362 seeundum
1318 3309 1428 3363 eandem

332 3384 555 3451 significationem
584 3384 610 3433 in
630 3384 744 3435 diversis
763 3383 843 3438 nebus
864 3386 923 3436 sine
943 3384 1106 3447 discrimine,
1132 3382 1263 3433 interdum
1283 3380 1428 3434 secundom

330 3455 461 3508 diversam
483 3455 706 3523 significationem
726 3471 794 3522 quae
813 3456 841 3506 in
860 3455 1005 3507 maioribus
1030 3463 1057 3506 et
1075 3453 1222 3504 minoribus
1251 3453 1379 3514 cernitur,
1401 3458 1430 3501 et

330 3541 506 3596 quaecuuque
525 3534 664 3594 praeterea
684 3527 795 3578 similem
823 3527 964 3578 admittunt
983 3527 1128 3589 rationem,
1147 3525 1280 3576 interdum
1297 3531 1429 3592 quatenus

328 3598 469 3652 relativam
495 3613 599 3650 causam
630 3598 721 3649 eadem
747 3598 805 3649 iere
828 3599 1026 3666 significatione
1050 3597 1204 3664 insignitam
1228 3596 1321 3648 sortita
1350 3602 1427 3645 sunt:

330 3670 499 3740 quamobrem
524 3669 612 3721 simile
639 3671 691 3721 dici
719 3669 790 3721 solet
817 3669 899 3721 simili
918 3669 1021 3732 simile,
1048 3677 1074 3720 et
1092 3669 1192 3719 amiens
1213 3668 1298 3718 amico
1316 3666 1429 3728 amicus,

330 3751 444 3810 atquae
470 3749 532 3794 sunt
550 3740 663 3805 similia,
690 3741 727 3792 ita
751 3749 780 3791 ut
798 3740 941 3808 multiplex
963 3742 1009 3792 liat
1037 3742 1064 3792 in
1088 3739 1169 3791 rebus
1187 3753 1256 3806 quae
1274 3737 1429 3806 diuiduntur

331 3827 420 3864 earum
448 3814 613 3879 proprietas,
639 3813 666 3863 in
686 3813 736 3864 deo
756 3820 843 3864 autem
864 3812 977 3880 simplex
1006 3819 1032 3862 et
1050 3811 1165 3862 indivisa
1184 3809 1328 3860 secuudum
1348 3809 1428 3858 unlus

330 3885 461 3950 suppositi
481 3884 706 3950 explicationem:
725 3885 784 3936 dico
804 3885 874 3935 enim
893 3883 1084 3935 indivisibilem
1098 3890 1125 3933 et
1143 3882 1227 3933 lorma
1246 3887 1381 3931 carentem
1402 3886 1429 3929 et

328 3954 493 4006 invisibilem
513 3955 585 4005 illam
606 3955 799 4024 qualiscunque
818 3963 859 4007 est
881 3956 1033 4019 essentiam,
1053 3969 1130 4022 quam
1148 3953 1232 4020 siquis
1246 3959 1348 4019 pratum
1366 3951 1430 4002 nni.

329 4041 386 4078 mos
407 4023 521 4093 pas'ceus
551 4033 578 4076 et
605 4027 727 4078 veritatis
757 4026 908 4081 cubiculum
925 4028 1064 4078 nominare
1088 4024 1171 4086 velit,
1190 4039 1245 4075 noa
1263 4030 1345 4087 erret,
1365 4023 1429 4088 opi-

330 4112 395 4150 nor:
416 4112 485 4166 quae
505 4096 611 4164 quidem
633 4113 691 4148 cum
716 4099 751 4149 sit
769 4114 859 4162 unum,
875 4100 1002 4149 continuo
1028 4099 1056 4148 in
1075 4111 1129 4147 uno
1153 4089 1242 4146 manet
1261 4096 1320 4146 sive
1339 4094 1428 4162 potius

332 4171 359 4220 in
379 4185 409 4220 se
429 4175 455 4220 et
473 4175 578 4219 nostras
598 4169 786 4236 cogitationes,
807 4185 876 4238 qnae
889 4171 1019 4222 ‘diversae
1037 4176 1099 4221 suut
1122 4183 1137 4218 a
1158 4175 1252 4218 natura
1271 4174 1297 4216 et
1316 4164 1429 4233 quibas-

334 4255 387 4310 que
406 4239 486 4290 rebus
506 4240 613 4291 diverso
634 4241 711 4290 modo
736 4241 934 4306 distrahuntur,
953 4242 981 4291 in
999 4255 1077 4292 unam
1102 4239 1230 4312 quandam
1251 4245 1279 4289 et
1295 4237 1430 4289 indisere-

332 4317 384 4366 tam
410 4311 601 4381 cogitationem
626 4311 841 4379 comprehendit:
874 4312 912 4364 ita
940 4319 969 4364 nt
997 4312 1075 4364 etiam
1108 4311 1243 4364 nominum
1273 4308 1431 4364 necessario
