3184 5100
339 361 417 446 ιιι
649 372 874 493 urccrnom
904 371 1135 441 carnonam

340 536 376 603 τό
397 537 480 603 πάνυ
503 560 534 601 τι
553 536 729 622 κράτιστον,
750 532 794 613 σός
815 518 848 601 έν
867 540 937 613 ταῖς
960 534 1076 621 ἀρχαῖς
1097 536 1159 633 τῶν
1179 531 1349 621 ἡμετέρων
1370 537 1458 599 ταῖν-

343 642 378 705 δε
398 639 500 725 λόγων
520 635 598 722 ἡμῖν
624 635 666 701 τά
694 636 770 724 περὶ
798 635 895 701 αὐτοῦ
921 636 1115 723 πλατύτερον
1142 634 1286 723 εἴρηται,
1321 636 1459 701 πάντων
1500 646 1501 725 l

341 740 482 825 μάλιστα
514 744 661 805 πλεῖστον
693 734 932 823 ἀντεισενεγκοδν
961 735 1042 825 ὑπὲρ
1064 736 1238 823 ςεάσεβείας
1264 736 1321 803 τόν
1346 740 1457 822 ζῆλον,
1500 728 1501 791 3

287 822 292 833 Ι
340 839 396 905 καί
428 840 714 925 άντιστὴσαςιτοῑς
735 841 804 907 τότε
838 838 919 905 κατά
945 842 1008 905 τῶν
1030 840 1128 905 θείων
1160 838 1293 905 εἰκόνων
1315 847 1457 921 μανεῖσι

341 940 519 1027 τυράννοις,
542 939 599 1027 ἀφ’
623 933 667 1007 ὧν
687 942 743 1007 καί
762 939 798 1007 τό
822 941 994 1027 πρόσωπον
1014 942 1196 1027 γέγραπταί
1204 964 1238 1005 τε
1260 941 1319 1005 καί
1344 940 1475 1006 ἔστα-5

340 1067 395 1107 ται
424 1041 481 1106 καί
500 1066 556 1125 την
576 1044 761 1126 ἐπωνυμίαν
775 1044 806 1107 Γ
807 1048 925 1127 ραπτός
948 1044 1070 1106 ἐκεῖθεν
1085 1041 1215 1127 κληθείς
1235 1042 1454 1127 ἀπηνέγκατο,

341 1143 506 1218 πλείσταις
526 1143 586 1225 μὲν
605 1144 662 1208 καί
682 1140 794 1219 ἄλλαις
816 1142 918 1229 ἱεραῖς
946 1140 1044 1205 αὐτοῦ
1064 1143 1187 1225 βίβλοις
1208 1140 1265 1225 τὴν
1286 1144 1349 1205 τοῦ
1375 1144 1454 1206 θεοῦ

340 1241 509 1326 ἐκκλησίαν
527 1242 721 1327 κεκόσμηκε,
751 1242 892 1325 μάλιστα
914 1244 942 1306 δ’
966 1233 1017 1315 αἷς
1036 1240 1117 1305 κατὰ
1130 1243 1200 1307 ’τάν
1223 1234 1453 1323 είκονομάχων

340 1342 465 1421 ἐξέθετο
472 1390 482 1420 ,
510 1350 575 1419 τοῖς
596 1342 843 1430 συγγράμμασιν
871 1340 1068 1427 ἐντυγχάνων
1091 1343 1147 1405 τοῦ
1174 1343 1242 1409 τότε
1269 1340 1312 1407 τά
1335 1346 1451 1428 πρῶτα

341 1444 493 1531 φέροντος
522 1444 556 1507 έν
584 1444 688 1528 λόγοις
719 1443 855 1527 ἀσεβοῦς
881 1441 1053 1525 Εόσεβίου·
1110 1444 1144 1507 έν
1171 1436 1222 1519 αἷς
1245 1444 1343 1507 τότε
1368 1440 1481 1510 ἀλλαιλ

275 1545 396 1617 aeuus*
409 1545 486 1609 τάδε
502 1546 642 1623 διέξεισι.
683 1545 971 1628 κατακομψεόεται,
994 1544 1103 1629 φησίν,
1126 1543 1281 1625 Εὐσέβιος
1302 1546 1365 1609 ἐπὶ
1384 1547 1451 1632 φῶς

219 1640 480 1731 Μάλεάρρητον
501 1644 557 1709 καί
579 1644 801 1729 ἀνεκδιήγητον
821 1644 877 1709 καί
897 1647 943 1730 τῷ
962 1646 1031 1730 θεῷ
1062 1643 1143 1731 λόγῳ
1166 1644 1290 1731 πρέπον
1311 1644 1375 1729 τὴν
1398 1649 1451 1709 τοῦ

341 1747 455 1813 δοόλου
477 1748 740 1831 μεταβεβλῆσθαι
755 1742 886 1831 μορφὴν
906 1745 939 1809 έν
952 1746 998 1832 τῷ
1019 1741 1099 1831 όρει,
1123 1748 1192 1833 φῶς
1211 1742 1292 1830 ὅπερ
1314 1745 1449 1832 όφθαλ-

338 1846 400 1933 μός
423 1846 479 1923 οὐκ
502 1840 568 1914 εἶδε
587 1845 643 1911 καί
662 1840 717 1922 οός
738 1845 794 1918 οὐκ
816 1841 933 1930 ἤκουσε
954 1845 1010 1909 καί
1032 1846 1086 1911 ἐπί
1105 1847 1242 1933 καρδίαν
1265 1847 1449 1933 ἀνθρώπου

340 1949 396 2015 οόκ
418 1949 525 2033 ἀνέβη.
579 1948 634 2013 καί
664 1946 683 2012 o‘
704 1949 763 2030 μὲν
793 1946 952 2029 Εόσεβίου
982 1946 1073 2032 λόγος
1105 1949 1245 2025 τοιοῦτος
1266 1947 1326 2013 καί
1348 1947 1481 2024 οότωςιι

339 2048 443 2132 ἔχων,
476 2048 532 2115 καί
564 2046 599 2113 τό
635 2053 700 2113 πᾶν
722 2047 810 2135 αὐτῷ
833 2049 972 2111 ἐνταῦθα
1009 2050 1065 2131 τῆς
1086 2047 1236 2131 ἀσεβείας
1257 2048 1447 2134 ἐξήρτηται·

339 2147 415 2216 όποι
434 2152 462 2215 δ’
485 2148 572 2234 αότηῑ
607 2148 701 2234 φέρει
732 2147 850 2232 τὸτῆς
878 2150 988 2232 καινῆς
1017 2149 1131 2233 ταύτης
1154 2150 1374 2224 διδασκαλίας
1396 2148 1448 2213 καί

337 2252 393 2315 τοῦ
409 2251 576 2336 δόγματος,
592 2246 636 2325 τός
655 2248 710 2327 ἔνι,
719 2248 873 2331 μάλιστα,
896 2248 1134 2334 συντομώτερον
1153 2246 1370 2334 σκεψόμεθα,
1395 2251 1448 2315 καί

339 2349 457 2428 όποῖος
472 2348 511 2434 δη
533 2349 588 2414 καί
609 2347 694 2426 όστις
727 2346 745 2415 ό
767 2354 823 2434 τῆς
843 2352 1020 2433 μεταβολῆς
1051 2350 1178 2433 τρόπος,
1199 2350 1449 2431 ἐπισκέψασθαι

338 2450 581 2537 πειρασώμεθα.
623 2454 688 2515 πᾶν
708 2448 743 2515 τό
765 2449 1043 2533 μεταβαλλόμενον
1071 2448 1092 2535 ἢ
1118 2456 1185 2515 κατ’
1211 2448 1327 2514 οόσίαν
1346 2474 1477 2533 μετα-ηρ

338 2551 500 2635 βάλλεται,
523 2547 542 2616 δ
565 2551 604 2636 δὴ
624 2553 700 2638 περί
717 2553 840 2638 γένεσιν
868 2552 924 2616 καί
951 2551 1079 2638 φθοράν
1112 2557 1296 2638 θεωρεῖται,
1321 2545 1343 2636 ἢ
1368 2554 1448 2617 κατά

337 2653 449 2716 τιτῶν
468 2652 502 2716 ἐν
521 2650 621 2737 αότρῖ,
641 2652 697 2717 καί
717 2654 808 2715 τοῦτο
830 2654 944 2733 διχῶς·
992 2649 1013 2736 ἢ
1034 2651 1096 2739 γάρ
1118 2650 1198 2717 κατά
1219 2649 1321 2716 ποσόν
1343 2677 1445 2732 μετα-

337 2750 509 2835 βάλλεται,
530 2751 612 2817 καθό
641 2751 662 2837 ἦ
685 2749 819 2838 αόξησις
840 2755 895 2818 καί
926 2751 1101 2838 ἦμείιοσις
1124 2757 1294 2832 δείκνυται,
1308 2751 1342 2838 ,ἢ
1365 2753 1447 2819 κατὰ

337 3004 378 3058 cis
396 3004 585 3058 certaminibus
602 3005 716 3059 studium
736 3006 862 3073 ostendit,
880 3015 910 3060 nt
927 3008 956 3060 in
974 3007 1115 3076 principiis
1132 3005 1226 3060 horum
1244 3006 1380 3061 librorum
1402 3008 1445 3062 fn'.

338 3077 394 3130 sius
415 3077 450 3130 de
468 3092 501 3130 eo
520 3077 598 3130 nohis
617 3077 716 3129 dictum
737 3078 792 3144 cat,
818 3081 934 3132 omnium
959 3080 1117 3131 acerrimum
1145 3087 1255 3146 propter
1279 3079 1446 3148 religionem

337 3149 452 3200 animum
472 3148 594 3200 exhihuit
613 3156 641 3200 at
656 3150 777 3215 tyrannia
798 3150 848 3202 illo
865 3159 987 3218 tempore
1006 3151 1039 3202 de
1058 3152 1141 3204 sacris
1162 3150 1325 3218 imaginihus
1346 3151 1446 3204 suren.

336 3219 407 3271 tihus
426 3221 595 3287 opposuit,a
615 3220 711 3287 quihus
728 3220 813 3274 iacies
834 3224 891 3274 eius
909 3223 1044 3290 descripta
1064 3230 1105 3274 est
1124 3230 1151 3273 et
1168 3223 1284 3290 depicta,
1303 3224 1378 3275 unde
1395 3225 1445 3276 dc.

336 3291 429 3358 scripti
454 3306 552 3342 nomen
579 3291 657 3354 tulit3
685 3307 765 3360 quam
790 3292 912 3360 plurimis
931 3293 991 3345 aliia
1018 3293 1095 3346 libris
1123 3294 1166 3344 dei
1192 3292 1335 3345 ecclesiam
1362 3309 1444 3346 exor-

336 3364 421 3426 navit,
442 3370 496 3414 tum
519 3364 558 3414 eia
576 3362 706 3426 maxime,
726 3377 793 3430 qnos
813 3365 846 3416 de
863 3364 1045 3416 iconomachis
1070 3365 1167 3428 edidit;
1192 3365 1220 3416 in
1239 3364 1382 3416 historiam
1401 3367 1444 3417 in.

337 3435 429 3486 cidens
450 3433 524 3485 illius
550 3435 625 3500 impii
650 3433 776 3498 Euaehii,
803 3436 848 3503 qui
872 3437 901 3486 in
931 3436 979 3487 hac
1015 3451 1045 3488 re
1069 3437 1181 3502 primum
1200 3436 1316 3488 obtinuit
1341 3436 1444 3500 locum,

337 3513 445 3574 praeter
464 3505 519 3557 alia
537 3504 605 3557 haec
625 3505 747 3557 disserit:
772 3507 842 3573 quod
868 3505 955 3558 lucem
974 3506 1108 3558 infandam
1129 3515 1156 3558 et
1175 3506 1399 3574 incuplicabilem
1419 3515 1445 3558 et

337 3578 388 3630 deo
410 3577 493 3628 verbo
522 3577 654 3628 dicentem
682 3577 779 3628 attinet
795 3576 933 3630 illudendo
958 3579 1062 3644 profert
1083 3578 1216 3632 Eusebius
1234 3579 1309 3632 servi
1331 3579 1444 3632 formam

337 3655 509 3717 permutatam
538 3663 598 3699 ease
617 3648 646 3698 in
663 3655 773 3712 monte,
804 3647 891 3700 lucem
916 3665 994 3717 quam
1017 3650 1108 3703 nullus
1136 3650 1231 3704 oculus
1255 3650 1340 3720 vidit,
1368 3651 1445 3703 nulla

337 3719 410 3772 auria
428 3720 551 3786 percepit
572 3727 599 3770 et
618 3735 687 3786 qnae
705 3720 732 3770 in
750 3717 853 3771 nullius
872 3720 987 3773 hominis
1006 3730 1100 3788 pectus
1119 3723 1203 3780 venit.
1240 3721 1308 3774 haec
1331 3721 1444 3774 Euaehii

338 3789 439 3854 verha,
459 3790 556 3858 quihus
576 3797 658 3842 totam
676 3790 800 3843 haeresin
821 3793 978 3858 composuit.
1016 3809 1068 3860 quo
1088 3808 1154 3846 vero
1172 3793 1214 3844 illi
1233 3793 1302 3845 haec
1320 3793 1445 3846 doctrina

338 3867 367 3910 ει
382 3860 479 3928 dogma
496 3861 596 3925 flectat,
615 3876 692 3930 qnam
711 3864 824 3915 maxime
844 3865 936 3930 paucis
957 3864 1094 3918 videamus
1116 3873 1143 3916 et
1161 3879 1230 3934 quae
1247 3863 1392 3933 qualisque
1411 3867 1445 3920 ait

338 3933 542 3997 permutationis
560 3934 629 3984 ratio
649 3933 799 4002 disquirere
818 3950 954 3986 conemur.
1001 3951 1079 3988 omne
1106 3938 1177 4005 quod
1205 3944 1371 4003 permutatur
1401 3945 1445 3989 ant

337 4002 519 4054 essentialiter
537 4012 710 4069 permutatur,
730 4006 757 4057 id
775 4007 845 4073 quod
863 4015 967 4074 spectat
985 4009 1018 4059 ad
1038 4016 1123 4060 ortum
1144 4015 1170 4060 et
1184 4023 1306 4060 occasum
1317 4016 1365 4059 ant
1379 4025 1443 4075 per-

278 4101 285 4110 1
335 4071 497 4138 ticulariter,
518 4089 587 4142 quae
605 4077 674 4126 ratio
695 4076 794 4144 duplex
813 4086 866 4130 est:
885 4087 932 4130 aut
954 4079 1023 4130 enim
1034 4080 1065 4131 ad
1080 4081 1253 4147 quantitatem
1267 4087 1442 4146 permutatur,

335 4150 365 4195 nt
385 4145 474 4196 auctio
496 4154 523 4197 et
542 4145 687 4200 deminutio
709 4156 755 4199 ant
774 4149 806 4200 ad
826 4149 989 4218 qualitatem,
1010 4167 1044 4202 ex
1062 4167 1114 4218 qua
1132 4152 1305 4218 consequitur
1315 4152 1442 4204 variatio.

335 4216 359 4268 si
378 4215 460 4283 igitur
477 4217 510 4268 ad
529 4215 682 4284 qualitatem
696 4228 844 4284 permutata
864 4230 914 4286 est,
934 4222 1045 4274 adducta
1065 4230 1106 4274 est
1123 4223 1155 4274 ad
1166 4224 1352 4290 variationem,
1373 4237 1442 4291 quae

336 4294 379 4344 ιιι
394 4288 593 4358 tmsfigunsio
611 4289 775 4345 characteris
793 4290 908 4346 alicuius
928 4301 973 4346 aut
992 4294 1019 4348 in
1048 4309 1078 4348 re
1097 4295 1218 4350 subiecta
1234 4296 1347 4350 mutatio
1365 4296 1443 4350 finite
