3184 5100
294 401 519 476 msromau
538 353 805 472 armariola
823 405 922 471 xxa·
941 387 1007 472 tt.
1031 390 1098 473 ta.
1201 399 1249 474 at

142 563 234 641 τείας
254 563 313 632 καί
333 568 440 642 πόλεις
464 569 519 632 καί
536 567 685 650 ἠπείρους
708 567 732 606 ’ί
748 565 803 630 καί
824 559 939 649 νήσους
953 564 1009 630 καί
1028 568 1096 652 ἰδίη
1118 565 1173 630 καί
1193 569 1254 649 δη-
1263 581 1283 636 f.
1297 580 1382 638 1031.

143 667 258 754 μοσίρι,
283 667 540 751 ἀνατρεπόμενον
561 669 590 730 δ’
611 659 654 730 αύ
671 666 805 744 ,’όξείαις
827 670 1062 749 συνανατρέπει
1081 663 1195 753 ῥοπαῖς
1214 667 1254 733 τό

145 792 183 832 τε
204 768 296 834 κοινὰ
320 771 375 833 καί
396 769 471 832 καθ’
493 770 610 834 ἕκαστα
630 770 693 832 τῶν
714 766 912 852 πραγμάτων
929 760 989 833 ὅσα
1011 766 1123 834 πόλεσί
1144 786 1183 834 τε
1201 767 1257 834 καί

146 870 326 944 πολιτείαις
341 865 573 948 ἐγκαλινδεῖται
586 869 869 954 παρανομούμενα,
883 871 1018 958 μηδαμῇ
1032 879 1099 947 τοῖς
1111 872 1255 955 παρανό-

120 989 225 1049 5μοις
241 977 385 1034 συνεῖναι
407 967 506 1054 φύσιν
521 971 654 1058 ἐχούσης
675 973 730 1053 τῆς
750 963 884 1051 ἑδραίας
901 972 1053 1054 διαμονῆς
1067 976 1124 1037 καί
1143 982 1257 1058 κρηπῖ-

148 1071 217 1153 δος,
235 1070 303 1134 ἀλλ’
319 1066 352 1134 ἐν
365 1071 406 1133 ου’
415 1073 528 1156 μακρῷ
541 1075 586 1160 τρῖ
599 1067 705 1162 χρόνρι
720 1071 821 1159 ῥᾷστα
832 1074 1046 1156 σαλευομένης
1055 1072 1110 1137 καί
1125 1077 1257 1138 διαλυο-

145 1175 248 1254 μένης
260 1164 384 1256 ἀτιάοης
396 1173 544 1254 προνοίας
557 1173 754 1256 συνδετικῆς,
766 1163 873 1254 ῶσπερ
889 1170 1041 1252 ἁρμονίας
1054 1174 1256 1260 ῥηγνυμένων

146 1275 214 1336 τῶν
234 1272 371 1354 χορδῶν.
397 1274 453 1355 τῆς
472 1270 533 1356 γὰρ
555 1271 696 1336 καθόλου
717 1275 877 1347 πολιτείας
893 1269 1111 1358 ὑγιαινούσης,
1134 1270 1255 1359 ἀνάγκη

148 1367 257 1456 δήπου
280 1371 337 1436 καί
356 1372 394 1436 τό
416 1375 499 1455 μέρη
530 1376 634 1448 καλῶς
664 1372 873 1439 ἀπαλλάττειν
900 1372 1186 1456 συνεξομοιούμενα
1210 1378 1254 1463 τῷ

106 1485 138 1538 10
148 1467 237 1560 ὅλῳ,
267 1471 413 1557 καθάπερ
437 1465 493 1546 οδν
515 1474 696 1540 τοάναντίον
715 1473 869 1560 νοσούσης
899 1476 954 1540 καί
974 1477 1056 1541 atra
1081 1485 1254 1557 συννοσεῖν,

150 1571 196 1648 ῶς
220 1575 266 1651 εἰς
288 1572 468 1658 ἀρχέτυπον
489 1573 545 1659 τὴν
565 1580 701 1660 μίμησιν
723 1573 928 1662 ἀναφέροντα
951 1582 1005 1642 καί
1025 1577 1176 1662 μάρτυρα
1198 1580 1255 1659 βε-

149 1675 298 1759 βαιωτὴν
320 1677 374 1758 τῆς
396 1679 508 1752 κακίας
530 1682 781 1761 προενηνεγμένα
811 1675 867 1760 τήν
890 1676 1054 1762 πολιτικὴν
1077 1676 1179 1762 ἀρχὴν
1202 1681 1256 1744 καί

152 1775 360 1842 κατάστασιν.
386 1780 506 1852 δίκαιος
526 1780 633 1842 τοίνυν
657 1777 673 1840 δ
697 1781 806 1863 κύριος
829 1772 890 1860 ῶν,
914 1785 968 1844 κατ’
989 1777 1194 1855 δικαιοσύνας
1215 1780 1323 1856 airu

152 1877 190 1944 τύ
218 1877 301 1951 εἰκός
325 1873 475 1962 ἀγαπῶν,
503 1875 587 1961 ύψοῖ
614 1883 735 1960 μᾶλλον
764 1879 842 1964 ἔθνη
871 1877 958 1963 δμη
983 1879 1076 1962 νόμον
1097 1883 1156 1959 μὲν
1179 1879 1256 1964 ἔχει,

111 1994 144 2046 15
156 1977 257 2067 φύσει
273 1981 307 2044 δὲ
329 1980 368 2046 τόι
388 1982 443 2044 τού
466 1981 565 2062 νόμου
585 1991 672 2046 ποιεῖ
690 1981 771 2046 κατοὶ
788 1983 842 2047 τόν
862 1987 950 2046 θεῖον
968 1981 1149 2066 ἀπόστολον,
1171 1991 1265 2063 μισεῖ

156 2083 193 2146 δὲ
209 2082 243 2146 οἳ
258 2083 315 2164 ζῆν
327 2085 387 2163 μὲν
408 2074 544 2168 ᾕρηνταί
554 2108 588 2147 τε
611 2086 664 2148 καί
684 2087 904 2169 ἐπηγγείλαντο
920 2082 997 2148 κατὰ
1014 2082 1086 2158 τούς
1099 2087 1154 2166 τῆς
1169 2083 1262 2147 aiae-

157 2187 251 2266 βείας
267 2181 410 2263 δεσμούς
428 2186 483 2248 καί
502 2182 637 2265 νόμους,
659 2181 761 2269 ἔργοις
784 2187 813 2248 δ’
836 2185 944 2261 αύτοῖς
964 2188 1262 2267 καταψευδομένους

158 2287 224 2349 τῶν
245 2286 440 2367 ἐπαγγελιῶν
465 2289 520 2349 καί
541 2285 787 2366 ἀποσειομένους
804 2286 907 2352 πάντα
929 2284 1129 2369 δικαιοσύνης
1145 2282 1262 2349 κανόνα

158 2385 213 2450 καί
236 2381 393 2470 στάθμην.
427 2385 443 2450 δ
461 2384 520 2471 γὰρ
540 2389 741 2472 δικαιοσύνην
759 2392 819 2470 μὲν
834 2386 1120 2474 ἀποστρεφόμενος,
1136 2387 1262 2459 ἀδικίας

118 2497 150 2553 20
160 2489 189 2551 δ’
211 2486 472 2571 ἀνθαιρούμενος
493 2487 644 2573 κλήρους,
667 2491 722 2554 καί
743 2487 822 2573 μήτε
844 2490 920 2567 τούς
943 2491 1051 2565 θείους
1073 2485 1262 2569 αι’δόύμενος

159 2584 301 2671 νόμους,
331 2594 534 2677 περιφρονῶν
566 2593 594 2654 δ’
624 2590 824 2681 ἀνθρώπινον
859 2588 987 2657 ἅπασαν
1018 2588 1137 2675 τύχην,
1170 2579 1263 2666 οὗτος

160 2690 309 2777 ἀφῶρισε
329 2693 389 2773 μὲν
410 2684 491 2759 ἓκιύν
512 2716 547 2777 γε
569 2686 652 2758 εἶναι
673 2696 754 2758 θεοῦ
780 2696 835 2759 τοῦ
857 2699 912 2779 τῆς
933 2693 1023 2778 δίκης
1044 2689 1172 2776 ἔχοντος
1190 2685 1264 2764 τούς

162 2990 204 3026 res
224 2973 367 3025 universas
391 2978 418 3024 et
437 2972 556 3041 singulas
583 2974 698 3038 evertit,
725 2988 793 3042 quae
817 2972 976 3041 illegitimae
1000 2973 1028 3025 iu
1056 2972 1210 3027 ciuitatibus
1237 2980 1265 3026 et

161 3045 274 3097 urbibus
294 3052 445 3110 versantur,
465 3062 544 3113 quum
561 3044 639 3097 nullo
660 3053 738 3112 pacto
757 3044 849 3110 rebus,
868 3061 936 3113 quae
958 3044 1015 3113 legi
1035 3054 1195 3113 repugnant,
1215 3046 1264 3097 fir.

161 3132 231 3169 mum
252 3124 333 3184 atque
352 3116 449 3169 stabile
468 3116 665 3171 fundamentum
673 3116 784 3169 subesse
803 3117 898 3183 possit,
917 3119 964 3169 sed
981 3116 1058 3168 brevi
1077 3125 1264 3183 temporeom.

161 3192 203 3240 uis
223 3188 411 3256 providentia,
433 3204 501 3257 quae
518 3184 710 3256 rempublicam
730 3190 874 3252 contiueat,
893 3189 927 3240 iis
949 3190 1099 3255 exagitetur
1119 3197 1145 3239 et
1163 3188 1264 3241 dissol-

162 3270 242 3313 vatur
261 3260 416 3312 harmoniae
435 3262 527 3327 instar,
546 3278 625 3331 quum
642 3261 761 3313 chordae
783 3262 974 3327 dirumpuntur.
1013 3268 1041 3310 ut
1060 3262 1170 3324 enimsi
1180 3269 1263 3312 totum

164 3334 286 3385 civitatis
306 3347 402 3400 corpus
421 3348 512 3385 sanum
533 3340 582 3397 est,
603 3335 682 3384 etiam
701 3332 820 3385 membra
837 3348 896 3383 cum
917 3348 949 3382 eo
978 3332 1167 3383 concordantia
1193 3331 1263 3383 beue
1315 3370 1323 3377 .

164 3420 225 3457 sese
245 3404 347 3456 habere
365 3420 478 3457 neeesse
499 3414 556 3469 est,
582 3406 621 3457 sic
641 3412 750 3469 contra,
770 3404 816 3455 ubi
836 3403 904 3455 illud
922 3412 1063 3472 aegrotat,
1090 3405 1168 3455 etiam
1197 3404 1264 3454 haee

164 3492 217 3528 uon
236 3483 350 3543 possunt
367 3492 422 3527 uon
439 3492 522 3546 aegre
540 3476 635 3528 affecta
655 3493 733 3541 esse,
759 3477 857 3545 quippe
876 3491 943 3543 quae
963 3475 990 3525 id
1009 3484 1132 3543 tauquam
1153 3474 1264 3541 priimum

166 3548 299 3617 quoddam
319 3547 455 3615 exemplar
472 3550 609 3601 imitentur
628 3558 708 3617 atque
728 3548 845 3607 civitatis
865 3547 1085 3615 gubernationem
1112 3562 1143 3597 ac
1168 3554 1265 3597 statum

166 3629 194 3671 ut
211 3620 370 3672 vitiositatis
389 3628 484 3671 testem
501 3620 742 3687 locupletissimum
764 3619 910 3686 proferant.
948 3617 1068 3668 domiuus
1089 3626 1192 3680 autem,
1220 3616 1266 3684 qui

167 3694 251 3743 iustus
273 3699 314 3742 est
333 3699 368 3755 et,
388 3700 417 3743 ut
435 3702 652 3756 cousentaneum,
671 3693 800 3743 iustitiam
818 3697 896 3754 amat,
917 3689 949 3739 ad
967 3690 1093 3739 maiorem
1111 3688 1268 3739 felicitatem
1335 3709 1339 3719 =

169 3763 261 3815 evehit
280 3762 408 3831 gentiles,
428 3766 483 3833 qui,
503 3772 533 3815 ut
552 3764 713 3817 aitsanctus
733 3761 881 3830 apostolus,
890 3776 1046 3828 quamquam
1055 3760 1156 3811 nullam
1169 3760 1268 3811 habeut

168 3834 267 3901 legem,
283 3842 377 3885 tameo
395 3844 490 3887 natura
509 3836 577 3887 doce
598 3836 655 3887 eius
674 3835 826 3902 praeceptis
848 3833 1040 3899 obsequuntur,
1060 3833 1116 3884 odit
1135 3847 1201 3885 uero
1221 3847 1268 3883 eos

170 3908 213 3973 qui
233 3906 341 3973 quidem
360 3906 387 3957 iu
406 3924 436 3961 se
467 3915 643 3974 susceperuut
661 3916 741 3974 atque
760 3905 875 3973 professi
895 3911 956 3954 suut
975 3920 1004 3955 se
1029 3905 1172 3955 secuudum
1200 3903 1268 3954 reli.

102 3982 115 3997 ⁸
170 3978 258 4045 gionis
278 3978 401 4029 instituta
423 3978 554 4046 legesque
575 3995 633 4031 esse
652 3980 783 4040 victuros,
803 3974 954 4027 actionibus
962 3983 1049 4026 tamen
1059 3977 1189 4043 promissa
1208 3974 1269 4025 elu-

171 4050 233 4099 dunt
253 4057 281 4099 et
301 4064 393 4100 omnes
411 4051 530 4101 iustitiae
547 4046 653 4101 normal
673 4066 704 4100 ac
723 4048 833 4116 regulas
852 4047 990 4099 abiiciunt.
1028 4049 1073 4114 qui
1101 4049 1170 4099 enim
1189 4048 1270 4099 iusti.

171 4121 231 4170 tiam
252 4128 395 4172 aversatus
414 4122 561 4173 iniustitiae
581 4120 751 4189 amplectitur
768 4126 854 4171 sortes
877 4126 903 4169 et
921 4117 1028 4186 legibus
1048 4120 1146 4170 diuinis
1172 4119 1269 4185 spretis

173 4191 312 4243 humanam
333 4191 480 4259 quamlibet
501 4193 632 4244 fortunam
653 4190 849 4256 circumspicit,
875 4192 899 4242 is
924 4191 1065 4241 manifesto
1090 4208 1120 4243 se
1144 4190 1272 4241 disiunxit

103 4304 104 4313 ,
173 4278 216 4315 sua
238 4271 339 4331 sponte
358 4278 373 4313 a
391 4263 442 4314 deo
460 4265 579 4317 iustitiae
598 4264 695 4318 solium
713 4270 832 4328 tenente,
851 4271 932 4329 atque
952 4278 1010 4313 cum
1034 4261 1141 4313 diabolo
1162 4270 1271 4312 coutra-

104 4368 105 4381 ,
173 4335 208 4385 xit
225 4334 446 4389 familiaritatem.
484 4351 537 4405 qua
556 4338 589 4389 de
610 4350 689 4391 causa
707 4336 735 4389 io
754 4334 806 4387 illa
824 4342 905 4397 terra,
924 4333 971 4384 ubi
989 4329 1271 4393 mliasermmrmala,
