3184 5100
250 358 254 365 ’
308 386 386 461 εει
497 374 513 388 ”
592 338 843 457 'memnoni
873 381 1103 453 onnooaan
1179 470 1183 475 ,

1512 409 1514 504 λ

1512 509 1514 572 i

307 554 489 637 ἀμφοτέρας
513 547 745 634 ἀναλεγόμεθα,
768 554 895 673 αι’ννγοιν
909 539 1017 630 μὲν
997 570 1052 611 ατε
1076 545 1212 628 ἤρεμιάς
1243 534 1417 662 ἀπόφασίν

253 702 257 709 .
279 731 283 739 ,
306 674 340 715 τε
362 654 432 719 και
437 648 583 717 ἔκστασιν
598 643 707 732 ούσαν,
731 652 866 773 η’ρεριιάν
890 652 920 712 δ’
941 639 983 713 αύ
999 642 1152 763 κινήσεφς
1171 635 1255 718 εἶδος
1280 638 1334 704 κατ’
1355 641 1416 703 ε’ν-

305 752 477 833 τελέχειαν,
500 750 672 835 ἀριζονσάν
687 774 719 817 τε
741 754 796 815 κατ’
807 746 1069 834 περιγράφοοοαν
1086 742 1121 809 τύ
1136 745 1308 826 κεχυμένον
1324 742 1414 805 εἰιεί-

230 837 234 852 ’
307 876 362 934 νης
382 854 436 915 καί
455 844 644 937 ἀφετονιιαί
664 852 825 935 ἀόριστον.
875 854 931 914 καὶ
958 853 1024 913 δεῖν
1045 845 1207 928 ἑκατέροις
1227 846 1413 926 κεχρῆσθαι
1512 827 1514 970 Ι

263 949 385 1017 abacta
408 950 461 1017 τόν
482 946 645 1037 ἑκατέροις
666 950 863 1036 προσήκοντα
885 948 977 1034 λόγον
998 949 1054 1015 τιαύ
1072 948 1200 1031 τρόπον.
1244 944 1442 1028 γινώατιεινό

307 1046 364 1117 οὖν
387 1078 423 1119 σε
454 1058 559 1137 χρεών
592 1056 635 1130 nic
666 1046 768 1118 πολλά
787 1078 822 1137 γε
853 1056 986 1117 τοιαῦτα
1012 1058 1179 1132 παρεῖται,
1211 1048 1290 1129 μήτε
1312 1045 1411 1126 λόγου

181 1152 441 1238 ῖοίθδιομηόενός
464 1146 536 1233 ἀξια
560 1148 630 1219 όντα
652 1154 731 1237 μήτε
753 1158 873 1235 γέλωτα
896 1155 1027 1237 φεύγειν
1048 1149 1187 1232 κωμικόν
1232 1142 1408 1227 δονεύμενα.
1512 1201 1514 1262 ρ

199 1286 204 1295 ’
257 1322 258 1325 ,
308 1258 423 1321 ariciae
445 1255 505 1339 γάρ
529 1254 680 1336 περὶτοῦ
702 1258 758 1319 νύν
779 1278 831 1319 σοι
851 1259 1054 1337 προτεθέντος
1077 1248 1206 1336 πρύτοο
1229 1244 1411 1333 ζητήματος
1512 1271 1514 1342 }

308 1355 324 1419 ό
344 1358 373 1421 Γ
371 1358 507 1439 ρηγοράς
532 1352 632 1436 μικρά
655 1379 725 1419 τινα
760 1356 859 1419 εἰπὼν
873 1352 1098 1444 ἀπήλλακται,
1118 1348 1264 1434 περιττόν
1286 1342 1412 1432 ἦγησά-

307 1476 400 1535 μενος
421 1448 562 1533 ἀμαθέσι
587 1452 769 1520 παντάτεασι
801 1450 903 1535 λόγοις
927 1454 1110 1535 ἀποκρίσεις
1143 1454 1208 1516 κατ’
1231 1449 1412 1532 ἐπιστήμην
1423 1449 1464 1502 10

309 1551 504 1617 ἀντιδιδόναι
536 1554 660 1637 ζητεῖν·
713 1556 795 1637 μηδὲ
819 1552 880 1636 γὰρ
903 1546 988 1616 εἶναι’
1016 1578 1095 1637 φησι
1116 1551 1282 1615 κοινωνίαν
1307 1551 1414 1631 μηδε-

308 1657 385 1731 μίαν
407 1648 512 1737 ιόοπερ
536 1646 610 1719 ούτε
640 1680 721 1740 φοιτι
754 1652 831 1776 πρός
852 1654 983 1738 σκότος,
1014 1652 1116 1730 ούτονς
1147 1651 1218 1717 ούό’
1251 1649 1414 1737 ε’πιοτὴμῃ

310 1754 407 1835 πρός
412 1756 566 1874 ἀμαθιᾝαν
623 1752 698 1821 ὅθεν
728 1758 782 1819 καί
804 1754 858 1819 όιά
883 1752 939 1839 τὴν
960 1756 1087 1820 τοιόνδε
1111 1780 1164 1819 ιιαι
1190 1747 1290 1872 ρύτοος
1313 1750 1417 1852 ἔχρα-

310 1880 370 1920 οαν
391 1854 546 1939 σύγχυσιν
578 1850 647 1921 οὐδ’
678 1853 783 1939 ἔμοιγε
811 1858 949 1939 ἀκριβεῖς
977 1857 1142 1942 ειληφέναι
1164 1851 1218 1939 ιῆν
1237 1858 1300 1919 τῶν
1321 1854 1416 1936 ειρη-

268 1958 273 1965 ’
310 1961 451 2037 μόνον’
432 1964 542 2047 εκείνιρ
571 1963 649 2034 τέως
678 1960 732 2021 εἀι
752 1956 872 2034 τούτοις
891 1958 1071 2043 κατάληψιν
1098 1958 1279 2038 ἐπιμελὲς
1264 1953 1414 2038 εγεγόνει
1429 1977 1513 2029 15

179 2068 183 2077 '
231 2116 237 2128 ,
311 2056 370 2139 σύν
395 2058 422 2119 δ’
445 2051 530 2139 ὅμως
550 2060 646 2141 χάριν
669 2061 731 2141 ε’ροῑ
755 2055 955 2142 τῶνύκεόνρν
969 2062 1104 2141 βραχέα,
1126 2060 1180 2123 καὶ
1201 2050 1260 2121 όοα
1283 2058 1315 2131 ἐς
1339 2051 1417 2120 τόδε
1512 2041 1513 2072 ¹

282 2162 485 2247 ᾍπαρέμεινε
513 2163 556 2246 τῇ
581 2163 705 2248 διανοόρ
733 2183 795 2241 μου
838 2159 1082 2246 ὁπωοόηποτούν
1119 2161 1342 2244 ἐπιτρέχοντα,
1375 2155 1417 2219 ού

311 2265 376 2346 τοῖς
396 2258 587 2341 παραλόγοις
610 2258 713 2343 λόγοις
732 2262 789 2325 τού
814 2266 961 2342 Παλαμᾶ
979 2258 1035 2344 τὴν
1058 2260 1220 2346 ἀφήγησιν
1238 2260 1421 2343 χαριζόμε-

314 2378 375 2438 νος,
399 2357 478 2423 ἀλλά
501 2358 559 2442 τὴν
578 2358 636 2443 σὴν
660 2360 772 2447 φιλιάν
789 2362 961 2446 λοπεΐνού
976 2360 1180 2444 βουλόμενος.
1216 2426 1224 2438 ,
1258 2383 1266 2400 ·

408 2456 525 2543 Ογάρ
546 2483 592 2523 τοι
616 2464 647 2525 Γ
645 2486 783 2545 ρηγορας
805 2462 885 2546 πρός
908 2461 982 2537 τούς
1015 2466 1084 2527 ἐκεῖ
1102 2464 1272 2547 τηνικαῦτα
1295 2460 1418 2588 παρόν·
1398 2474 1473 2527 -20

262 2626 276 2652 ἱ
316 2583 374 2632 τας
396 2565 567 2645 στραφεός,
590 2563 644 2626 καί
673 2563 798 2639 τούτοις
826 2564 985 2647 ἐνερείσας
1014 2563 1088 2639 τούς
1113 2559 1361 2688 όφέλαλμούς,“
1364 2556 1420 2664 αρ’

317 2663 374 2724 ον’νι
396 2661 537 2742 distica?
571 2687 649 2784 φηρι
689 2689 740 2728 και
770 2664 953 2730 παντάπασι
974 2654 1186 2750 νηπιούδηςι
1165 2659 1340 2748 ηούτονγ’
1362 2667 1423 2727 εύ-
1480 2667 1484 2670 ’

227 2775 244 2823 “.
317 2758 427 2849 θόρ’
397 2765 543 2846 ειρημὲνη
568 2763 723 2847 πρότασις
752 2764 859 2866 πρός
861 2768 917 2830 τού
939 2769 1087 2847 Παλαμά
1107 2769 1255 2850 τοντονι,
1288 2765 1332 2840 ὥς
1355 2768 1422 2829 πᾶν

317 2859 350 2928 τό
374 2863 576 2946 σ’νγιιεόμενον
597 2889 649 2929 και
647 2864 832 2944 ούοιοόδεις
854 2865 1058 2954 διαφοράς
1036 2891 1138 2954 οχον
1136 2865 1292 2933 σύνθετον
1316 2870 1431 2943 ἐστι’νς

319 3179 449 3252 quandam
470 3195 547 3234 omne
566 3181 639 3236 illius
669 3181 780 3234 eiiusum
801 3189 828 3234 et
847 3174 1004 3234 dissolutum
1025 3189 1055 3233 et
1070 3197 1125 3234 non
1150 3178 1250 3234 finitum
1270 3179 1423 3234 terminan..

318 3264 370 3306 tem
400 3261 427 3305 et
451 3254 547 3307 finibus
567 3256 837 3306 circumscribentem.
885 3263 1024 3322 utrumque
1051 3254 1228 3305 adhibendum
1257 3262 1297 3304 cet
1317 3270 1422 3304 secun.

318 3328 379 3378 dum
398 3326 535 3394 utriusque
554 3327 694 3378 rationem.
705 3334 736 3377 et
748 3326 861 3376 modurn.
884 3342 1051 3393 cognoscere
1063 3325 1145 3394 igitur
1163 3334 1190 3376 te
1205 3333 1322 3391 oportet,·
1341 3341 1422 3392 quam

319 3397 402 3448 multa
422 3397 550 3448 eiusmodi
572 3397 669 3448 relicta
687 3399 740 3448 sint
761 3406 807 3448 aut
826 3398 948 3448 oratione
969 3412 1022 3448 non
1041 3397 1122 3463 digna
1141 3405 1187 3447 aut
1200 3412 1268 3464 quae
1288 3397 1423 3447 comicum

306 3469 400 3527 ,risum
421 3468 541 3534 effugere
565 3483 618 3519 non
642 3470 756 3534 possint.
801 3469 887 3519 atatim
913 3469 982 3518 enim
1010 3469 1043 3519 de
1064 3468 1219 3535 qurestione
1248 3469 1332 3534 prima
1358 3476 1441 3526 ate>

320 3535 433 3606 prolata,
455 3539 586 3606 Gregoras
605 3541 697 3606 paucis
719 3539 873 3606 quibusdam
890 3539 968 3590 dictio
984 3539 1086 3591 abstitit
1106 3538 1266 3606 superfluum
1288 3537 1424 3590 arbitrans

319 3609 434 3660 indoctis
457 3611 564 3662 omnino
583 3610 748 3662 sermonibus
768 3627 783 3660 e
803 3611 924 3661 doctrina
950 3612 1114 3677 respondere
1134 3609 1217 3661 velle.
1265 3626 1316 3661 nec
1339 3611 1423 3673 enim,

320 3681 416 3748 inquit,
437 3689 466 3731 ut
484 3683 554 3732 inter
573 3681 663 3732 iumen
684 3691 710 3732 et
728 3680 869 3745 tenebrae,
893 3683 931 3731 ita
956 3683 1026 3733 inter
1053 3682 1198 3732 doctrinam
1224 3688 1251 3731 et
1276 3682 1424 3744 inscitiam,

321 3748 377 3802 uila
396 3753 521 3804 societas.
559 3751 593 3802 ob
615 3752 683 3803 banc
702 3754 783 3820 igitur
803 3754 842 3802 rei
861 3753 1087 3818 perturbationem
1106 3769 1148 3802 me
1168 3753 1225 3803 eiua
1244 3753 1355 3803 rationis
1374 3767 1424 3802 ar-

321 3812 473 3888 gumeaturn
495 3837 549 3872 non
568 3822 649 3888 plane
667 3824 822 3889 percepisse
840 3823 920 3874 vaide
939 3824 1029 3874 doleo
1066 3831 1154 3874 tamen
1177 3839 1209 3874 cx
1224 3825 1257 3874 iis
1279 3839 1348 3891 qaae
1371 3825 1425 3874 ad-

322 3892 400 3942 huc
393 3907 420 3942 ιο
440 3893 566 3944 memoria
584 3899 768 3944 remanserunt
791 3893 857 3944 licet
883 3894 1036 3978 ubicunque
1059 3895 1112 3946 nint
1136 3894 1255 3946 breviter
1280 3894 1424 3957 enarrabo,

322 3975 376 4012 non
402 3976 454 4028 quo
479 3963 578 4028 ineptia
602 3965 692 4016 verbio
721 3965 844 4016 Palamae
870 3967 1050 4016 narrationem
1077 3966 1199 4029 foveam,
1229 3981 1321 4016 verum
1351 3965 1427 4033 qnod
1480 4018 1483 4025 ,

320 4033 406 4084 amico
426 4033 619 4100 aegritudinem
639 4035 734 4086 afferre
753 4035 846 4086 nolim.

423 4129 555 4198 Gregoraa
575 4132 606 4182 ad
630 4145 677 4181 eoa
698 4133 743 4198 qui
762 4132 872 4183 aderant
892 4147 1038 4184 conversae
1068 4141 1094 4184 et
1114 4132 1208 4184 oculor
1228 4132 1267 4184 eia
1289 4131 1428 4200 infigens,

313 4201 518 4265 ,nonneatulta
540 4203 634 4269 inquit,
658 4210 684 4252 ct
705 4204 811 4253 omnino
832 4203 919 4254 inania
945 4204 1044 4255 bacca
1069 4203 1176 4256 Palama
1203 4204 1273 4255 dicta
1294 4205 1430 4270 proposi..

320 4270 384 4324 tio?
421 4285 498 4323 omne
518 4275 588 4342 quod
607 4273 759 4324 continetur
778 4280 807 4324 ct
825 4273 985 4360 canentialea
1010 4278 1157 4344 varietates
1175 4274 1266 4342 habet,
1284 4277 1429 4348 composi.
