<?xml version="1.0" encoding="UTF-8"?>
<!DOCTYPE html PUBLIC "-//W3C//DTD XHTML 1.0 Transitional//EN"
    "http://www.w3.org/TR/xhtml1/DTD/xhtml1-transitional.dtd">
<html xmlns="http://www.w3.org/1999/xhtml" xml:lang="en" lang="en">
 <head>
  <title>
</title>
<meta http-equiv="Content-Type" content="text/html;charset=utf-8" />
  <meta name='ocr-system' content='tesseract 3.04.00' />
  <meta name='ocr-capabilities' content='ocr_page ocr_carea ocr_par ocr_line ocrx_word'/>
</head>
<body>
  <div class='ocr_page' id='page_1' title='image "./nicephorigregor04schogoog_0376.png"; bbox 0 0 3184 5100; ppageno 0'>
   <div class='ocr_carea' id='block_1_1' title="bbox 234 408 1280 498">
    <p class='ocr_par' dir='ltr' id='par_1_1' title="bbox 234 408 1280 498">
     <span class='ocr_line' id='line_1_1' title="bbox 234 408 1280 498; baseline 0.003 -9"><span class='ocrx_word' id='word_1_1' title='bbox 234 486 237 489; x_wconf 82' lang='grc'><strong>,</strong></span> <span class='ocrx_word' id='word_1_2' title='bbox 309 426 531 495; x_wconf 81' lang='lat' dir='ltr'><strong>arsroaran</strong></span> <span class='ocrx_word' id='word_1_3' title='bbox 553 424 814 493; x_wconf 79' lang='lat' dir='ltr'><strong>amaumuan</strong></span> <span class='ocrx_word' id='word_1_4' title='bbox 829 428 937 498; x_wconf 80' lang='lat' dir='ltr'><strong>xxxi,</strong></span> <span class='ocrx_word' id='word_1_5' title='bbox 955 408 1145 495; x_wconf 65' lang='lat'><strong>24-28.</strong></span> <span class='ocrx_word' id='word_1_6' title='bbox 1174 422 1177 428; x_wconf 87' lang='grc'><strong>’</strong></span> <span class='ocrx_word' id='word_1_7' title='bbox 1205 418 1280 494; x_wconf 77' lang='lat' dir='ltr'><strong>aot</strong></span> 
     </span>
    </p>
   </div>
   <div class='ocr_carea' id='block_1_2' title="bbox 101 581 1404 2903">
    <p class='ocr_par' dir='ltr' id='par_1_2' title="bbox 182 581 1280 675">
     <span class='ocr_line' id='line_1_2' title="bbox 182 581 1280 675; baseline -0.005 -20"><span class='ocrx_word' id='word_1_8' title='bbox 182 584 275 657; x_wconf 77' lang='grc' dir='ltr'><strong><em>εἶναι.</em></strong></span> <span class='ocrx_word' id='word_1_9' title='bbox 299 592 354 656; x_wconf 84' lang='grc' dir='ltr'><strong><em>καί</em></strong></span> <span class='ocrx_word' id='word_1_10' title='bbox 375 584 443 672; x_wconf 74' lang='grc' dir='ltr'><strong>ἅμα</strong></span> <span class='ocrx_word' id='word_1_11' title='bbox 466 590 653 675; x_wconf 86' lang='grc' dir='ltr'><strong><em>α’ρχόμινον,</em></strong></span> <span class='ocrx_word' id='word_1_12' title='bbox 673 581 871 672; x_wconf 43' lang='grc' dir='ltr'><strong><em>οόκιόρχον·</em></strong></span> <span class='ocrx_word' id='word_1_13' title='bbox 901 584 1061 672; x_wconf 77' lang='grc' dir='ltr'><strong>ἡττᾶσθαι</strong></span> <span class='ocrx_word' id='word_1_14' title='bbox 1081 586 1143 671; x_wconf 75' lang='grc' dir='ltr'><strong>γόρ</strong></span> <span class='ocrx_word' id='word_1_15' title='bbox 1161 586 1280 671; x_wconf 80' lang='grc' dir='ltr'><strong><em>οἶνόγκη</em></strong></span> 
     </span>
    </p>

    <p class='ocr_par' dir='ltr' id='par_1_3' title="bbox 183 681 1279 779">
     <span class='ocr_line' id='line_1_3' title="bbox 183 681 1279 779; baseline -0.003 -24"><span class='ocrx_word' id='word_1_16' title='bbox 183 684 223 755; x_wconf 77' lang='grc' dir='ltr'><strong>οὗ</strong></span> <span class='ocrx_word' id='word_1_17' title='bbox 245 696 345 757; x_wconf 84' lang='grc' dir='ltr'><strong><em>όιῖτοι</em></strong></span> <span class='ocrx_word' id='word_1_18' title='bbox 366 691 402 757; x_wconf 91' lang='grc' dir='ltr'><strong><em>τό</em></strong></span> <span class='ocrx_word' id='word_1_19' title='bbox 426 694 540 766; x_wconf 78' lang='grc' dir='ltr'><strong><em>ἐνδεές.</em></strong></span> <span class='ocrx_word' id='word_1_20' title='bbox 585 681 656 778; x_wconf 66' lang='lat' dir='ltr'><strong>pits</strong></span> <span class='ocrx_word' id='word_1_21' title='bbox 676 717 707 756; x_wconf 90' lang='grc' dir='ltr'><strong>τι</strong></span> <span class='ocrx_word' id='word_1_22' title='bbox 729 685 986 779; x_wconf 73' lang='grc' dir='ltr'><strong><em>ἧττηται,τσότιρ</em></strong></span> <span class='ocrx_word' id='word_1_23' title='bbox 1007 688 1061 753; x_wconf 70' lang='grc' dir='ltr'><strong><em>κατ’</em></strong></span> <span class='ocrx_word' id='word_1_24' title='bbox 1073 684 1279 763; x_wconf 83' lang='grc' dir='ltr'><strong><em>όεόοόλωιαι.</em></strong></span> 
     </span>
    </p>

    <p class='ocr_par' dir='ltr' id='par_1_4' title="bbox 183 782 1280 876">
     <span class='ocr_line' id='line_1_4' title="bbox 183 782 1280 876; baseline -0.004 -19"><span class='ocrx_word' id='word_1_25' title='bbox 183 793 201 857; x_wconf 84' lang='lat' dir='ltr'><strong>‘d</strong></span> <span class='ocrx_word' id='word_1_26' title='bbox 222 796 257 858; x_wconf 78' lang='grc' dir='ltr'><strong>δὲ</strong></span> <span class='ocrx_word' id='word_1_27' title='bbox 276 798 401 875; x_wconf 78' lang='grc' dir='ltr'><strong><em>δοῦλον,</em></strong></span> <span class='ocrx_word' id='word_1_28' title='bbox 425 794 482 857; x_wconf 90' lang='grc' dir='ltr'><strong>οόκ</strong></span> <span class='ocrx_word' id='word_1_29' title='bbox 503 788 605 876; x_wconf 73' lang='grc' dir='ltr'><strong><em>όόνιῖἠ</em></strong></span> <span class='ocrx_word' id='word_1_30' title='bbox 618 788 727 874; x_wconf 88' lang='grc' dir='ltr'><strong><em>κόριον</em></strong></span> <span class='ocrx_word' id='word_1_31' title='bbox 749 794 820 855; x_wconf 69' lang='grc' dir='ltr'><strong>ου’όῖ</strong></span> <span class='ocrx_word' id='word_1_32' title='bbox 842 792 1078 874; x_wconf 80' lang='grc' dir='ltr'><strong><em>αόθόπαρκτον.</em></strong></span> <span class='ocrx_word' id='word_1_33' title='bbox 1115 789 1180 854; x_wconf 86' lang='grc' dir='ltr'><strong><em>οόιι</em></strong></span> <span class='ocrx_word' id='word_1_34' title='bbox 1202 782 1280 873; x_wconf 66' lang='grc' dir='ltr'><strong><em>ἄρα,</em></strong></span> 
     </span>
    </p>

    <p class='ocr_par' dir='ltr' id='par_1_5' title="bbox 155 885 1281 1081">
     <span class='ocr_line' id='line_1_5' title="bbox 183 885 1281 1017; baseline -0.005 -57"><span class='ocrx_word' id='word_1_35' title='bbox 183 894 265 979; x_wconf 73' lang='grc' dir='ltr'><strong><em>πλὴν</em></strong></span> <span class='ocrx_word' id='word_1_36' title='bbox 288 898 387 980; x_wconf 87' lang='grc' dir='ltr'><strong><em>μόνης</em></strong></span> <span class='ocrx_word' id='word_1_37' title='bbox 409 898 465 977; x_wconf 79' lang='grc' dir='ltr'><strong>τῆς</strong></span> <span class='ocrx_word' id='word_1_38' title='bbox 486 896 578 970; x_wconf 78' lang='grc' dir='ltr'><strong><em>θειάς</em></strong></span> <span class='ocrx_word' id='word_1_39' title='bbox 601 893 726 1017; x_wconf 82' lang='grc' dir='ltr'><strong><em>ου’ριάς,</em></strong></span> <span class='ocrx_word' id='word_1_40' title='bbox 749 896 814 958; x_wconf 75' lang='grc' dir='ltr'><strong><em>τόν</em></strong></span> <span class='ocrx_word' id='word_1_41' title='bbox 835 885 942 957; x_wconf 73' lang='grc' dir='ltr'><strong><em>ἄλλων</em></strong></span> <span class='ocrx_word' id='word_1_42' title='bbox 961 890 1095 979; x_wconf 79' lang='grc' dir='ltr'><strong><em>οόόιμιᾷ</em></strong></span> <span class='ocrx_word' id='word_1_43' title='bbox 1115 888 1151 954; x_wconf 88' lang='grc' dir='ltr'><strong><em>τό</em></strong></span> <span class='ocrx_word' id='word_1_44' title='bbox 1164 892 1281 975; x_wconf 79' lang='grc' dir='ltr'><strong><em>κυρίως</em></strong></span> 
     </span>
     <span class='ocr_line' id='line_1_6' title="bbox 155 985 1281 1115; baseline -0.009 -50"><span class='ocrx_word' id='word_1_45' title='bbox 155 993 332 1115; x_wconf 74' lang='grc' dir='ltr'><strong><em>δόρμόττιι</em></strong></span> <span class='ocrx_word' id='word_1_46' title='bbox 355 993 594 1078; x_wconf 77' lang='grc' dir='ltr'><strong><em>αόθόπαρκτον.</em></strong></span> <span class='ocrx_word' id='word_1_47' title='bbox 606 993 734 1058; x_wconf 71' lang='lat' dir='ltr'><strong>odardo</strong></span> <span class='ocrx_word' id='word_1_48' title='bbox 754 992 817 1077; x_wconf 79' lang='grc' dir='ltr'><strong>μόρ</strong></span> <span class='ocrx_word' id='word_1_49' title='bbox 838 995 1063 1073; x_wconf 80' lang='grc' dir='ltr'><strong><em>πεποιισμόνων</em></strong></span> <span class='ocrx_word' id='word_1_50' title='bbox 1083 985 1166 1056; x_wconf 82' lang='grc' dir='ltr'><strong><em>εἶναι</em></strong></span> <span class='ocrx_word' id='word_1_51' title='bbox 1187 1016 1281 1075; x_wconf 88' lang='grc' dir='ltr'><strong><em>ποιη-</em></strong></span> 
     </span>
    </p>

    <p class='ocr_par' dir='ltr' id='par_1_6' title="bbox 181 1092 1281 1195">
     <span class='ocr_line' id='line_1_7' title="bbox 181 1092 1281 1195; baseline -0.007 -32"><span class='ocrx_word' id='word_1_52' title='bbox 181 1096 236 1175; x_wconf 72' lang='grc' dir='ltr'><strong><em>τὴν</em></strong></span> <span class='ocrx_word' id='word_1_53' title='bbox 255 1095 310 1162; x_wconf 88' lang='grc' dir='ltr'><strong><em>τόν</em></strong></span> <span class='ocrx_word' id='word_1_54' title='bbox 340 1094 465 1161; x_wconf 69' lang='grc' dir='ltr'><strong><em>θεόν’</em></strong></span> <span class='ocrx_word' id='word_1_55' title='bbox 448 1120 464 1173; x_wconf 91' lang='grc' dir='ltr'><strong><em>ο</em></strong></span> <span class='ocrx_word' id='word_1_56' title='bbox 488 1094 577 1171; x_wconf 79' lang='grc' dir='ltr'><strong><em>θιιός</em></strong></span> <span class='ocrx_word' id='word_1_57' title='bbox 597 1119 630 1160; x_wconf 82' lang='grc' dir='ltr'><strong>τι</strong></span> <span class='ocrx_word' id='word_1_58' title='bbox 664 1096 853 1195; x_wconf 76' lang='grc' dir='ltr'><strong><em>όπιςσὴνοτο</em></strong></span> <span class='ocrx_word' id='word_1_59' title='bbox 875 1094 1046 1175; x_wconf 82' lang='grc' dir='ltr'><strong><em>Μάξιμος,</em></strong></span> <span class='ocrx_word' id='word_1_60' title='bbox 1067 1118 1121 1157; x_wconf 87' lang='grc' dir='ltr'><strong><em>και</em></strong></span> <span class='ocrx_word' id='word_1_61' title='bbox 1142 1092 1162 1176; x_wconf 80' lang='grc' dir='ltr'><em>ἦ</em></span> <span class='ocrx_word' id='word_1_62' title='bbox 1183 1092 1281 1177; x_wconf 80' lang='grc' dir='ltr'><strong><em>φόσις</em></strong></span> 
     </span>
    </p>

    <p class='ocr_par' dir='ltr' id='par_1_7' title="bbox 184 1186 1280 1282">
     <span class='ocr_line' id='line_1_8' title="bbox 184 1186 1280 1282; baseline -0.004 -19"><span class='ocrx_word' id='word_1_63' title='bbox 184 1196 278 1281; x_wconf 85' lang='grc' dir='ltr'><strong><em>αότη</em></strong></span> <span class='ocrx_word' id='word_1_64' title='bbox 294 1198 484 1271; x_wconf 82' lang='grc' dir='ltr'><strong><em>όιόόσκαλος</em></strong></span> <span class='ocrx_word' id='word_1_65' title='bbox 504 1206 572 1271; x_wconf 82' lang='grc' dir='ltr'><strong><em>ταῖς</em></strong></span> <span class='ocrx_word' id='word_1_66' title='bbox 594 1200 720 1262; x_wconf 76' lang='grc' dir='ltr'><strong><em>συνέσει</em></strong></span> <span class='ocrx_word' id='word_1_67' title='bbox 740 1186 971 1282; x_wconf 76' lang='grc' dir='ltr'><strong><em>διαφερούσαις</em></strong></span> <span class='ocrx_word' id='word_1_68' title='bbox 1003 1192 1174 1278; x_wconf 69' lang='grc' dir='ltr'><strong><em>αἰσθήσεσι</em></strong></span> <span class='ocrx_word' id='word_1_69' title='bbox 1193 1196 1280 1277; x_wconf 73' lang='grc' dir='ltr'><strong><em>μόνι-</em></strong></span> 
     </span>
    </p>

    <p class='ocr_par' dir='ltr' id='par_1_8' title="bbox 179 1291 1343 1417">
     <span class='ocr_line' id='line_1_9' title="bbox 179 1291 1343 1417; baseline -0.004 -55"><span class='ocrx_word' id='word_1_70' title='bbox 179 1320 244 1363; x_wconf 89' lang='grc' dir='ltr'><strong><em>τοιι.</em></strong></span> <span class='ocrx_word' id='word_1_71' title='bbox 302 1294 384 1383; x_wconf 89' lang='grc' dir='ltr'><strong><em>μόνη</em></strong></span> <span class='ocrx_word' id='word_1_72' title='bbox 412 1299 486 1380; x_wconf 77' lang='grc' dir='ltr'><strong>γάρ,</strong></span> <span class='ocrx_word' id='word_1_73' title='bbox 504 1296 624 1417; x_wconf 74' lang='grc' dir='ltr'><strong><em>ρησόν</em></strong></span> <span class='ocrx_word' id='word_1_74' title='bbox 655 1296 741 1379; x_wconf 76' lang='grc' dir='ltr'><strong>ἁπλῆ</strong></span> <span class='ocrx_word' id='word_1_75' title='bbox 763 1320 815 1359; x_wconf 90' lang='grc' dir='ltr'><strong><em>και</em></strong></span> <span class='ocrx_word' id='word_1_76' title='bbox 811 1291 984 1377; x_wconf 77' lang='grc' dir='ltr'><strong><em>όνινόιης</em></strong></span> <span class='ocrx_word' id='word_1_77' title='bbox 1012 1318 1065 1358; x_wconf 91' lang='grc' dir='ltr'><strong><em>και</em></strong></span> <span class='ocrx_word' id='word_1_78' title='bbox 1087 1318 1236 1378; x_wconf 86' lang='grc' dir='ltr'><strong><em>οιροπτος</em></strong></span> <span class='ocrx_word' id='word_1_79' title='bbox 1260 1296 1343 1379; x_wconf 61' lang='grc' dir='ltr'><strong>ἤια</strong></span> 
     </span>
    </p>

    <p class='ocr_par' dir='ltr' id='par_1_9' title="bbox 136 1392 1279 1580">
     <span class='ocr_line' id='line_1_10' title="bbox 181 1392 1279 1484; baseline -0.002 -21"><span class='ocrx_word' id='word_1_80' title='bbox 181 1398 390 1484; x_wconf 76' lang='grc' dir='ltr'><strong><em>όημιουργικη</em></strong></span> <span class='ocrx_word' id='word_1_81' title='bbox 413 1399 476 1481; x_wconf 73' lang='grc' dir='ltr'><strong><em>ταῖν</em></strong></span> <span class='ocrx_word' id='word_1_82' title='bbox 502 1392 582 1461; x_wconf 83' lang='grc' dir='ltr'><strong><em>όλιον</em></strong></span> <span class='ocrx_word' id='word_1_83' title='bbox 611 1396 704 1461; x_wconf 88' lang='grc' dir='ltr'><strong><em>οόσιά</em></strong></span> <span class='ocrx_word' id='word_1_84' title='bbox 741 1398 796 1480; x_wconf 71' lang='grc' dir='ltr'><strong>τῆς</strong></span> <span class='ocrx_word' id='word_1_85' title='bbox 819 1395 910 1479; x_wconf 76' lang='grc' dir='ltr'><strong><em>ἁγίας</em></strong></span> <span class='ocrx_word' id='word_1_86' title='bbox 938 1393 1077 1479; x_wconf 85' lang='grc' dir='ltr'><strong><em>τριόόος.</em></strong></span> <span class='ocrx_word' id='word_1_87' title='bbox 1131 1397 1220 1461; x_wconf 84' lang='grc' dir='ltr'><strong><em>πᾶσα</em></strong></span> <span class='ocrx_word' id='word_1_88' title='bbox 1244 1398 1279 1461; x_wconf 70' lang='lat' dir='ltr'><strong>dd</strong></span> 
     </span>
     <span class='ocr_line' id='line_1_11' title="bbox 136 1496 1279 1580; baseline -0.002 -17"><span class='ocrx_word' id='word_1_89' title='bbox 136 1500 281 1573; x_wconf 82' lang='grc' dir='ltr'><strong><em>1οκτόσις</em></strong></span> <span class='ocrx_word' id='word_1_90' title='bbox 309 1496 462 1572; x_wconf 79' lang='grc' dir='ltr'><strong><em>σόνθετός</em></strong></span> <span class='ocrx_word' id='word_1_91' title='bbox 491 1500 575 1563; x_wconf 83' lang='grc' dir='ltr'><strong><em>ι’στιν</em></strong></span> <span class='ocrx_word' id='word_1_92' title='bbox 610 1501 643 1575; x_wconf 79' lang='grc' dir='ltr'><strong>ἐξ</strong></span> <span class='ocrx_word' id='word_1_93' title='bbox 675 1497 786 1573; x_wconf 79' lang='grc' dir='ltr'><strong><em>οόσιίις</em></strong></span> <span class='ocrx_word' id='word_1_94' title='bbox 808 1496 862 1561; x_wconf 73' lang='grc' dir='ltr'><strong>καὶ</strong></span> <span class='ocrx_word' id='word_1_95' title='bbox 896 1500 1066 1580; x_wconf 73' lang='grc' dir='ltr'><strong><em>ποιότητος.</em></strong></span> <span class='ocrx_word' id='word_1_96' title='bbox 1120 1498 1208 1561; x_wconf 78' lang='grc' dir='ltr'><strong><em>πόσοι</em></strong></span> <span class='ocrx_word' id='word_1_97' title='bbox 1243 1498 1279 1561; x_wconf 79' lang='grc' dir='ltr'><strong>δὲ</strong></span> 
     </span>
    </p>

    <p class='ocr_par' dir='ltr' id='par_1_10' title="bbox 180 1594 1280 1685">
     <span class='ocr_line' id='line_1_12' title="bbox 180 1594 1280 1685; baseline -0.004 -20"><span class='ocrx_word' id='word_1_98' title='bbox 180 1598 310 1685; x_wconf 82' lang='grc' dir='ltr'><strong><em>ποιότης</em></strong></span> <span class='ocrx_word' id='word_1_99' title='bbox 332 1599 539 1683; x_wconf 72' lang='grc' dir='ltr'><strong><em>ὑποκειμένης</em></strong></span> <span class='ocrx_word' id='word_1_100' title='bbox 570 1595 692 1673; x_wconf 86' lang='grc' dir='ltr'><strong><em>πόντως</em></strong></span> <span class='ocrx_word' id='word_1_101' title='bbox 713 1599 824 1673; x_wconf 81' lang='grc' dir='ltr'><strong><em>ου’σίας</em></strong></span> <span class='ocrx_word' id='word_1_102' title='bbox 852 1599 942 1676; x_wconf 79' lang='grc' dir='ltr'><strong><em>ἐστι’,</em></strong></span> <span class='ocrx_word' id='word_1_103' title='bbox 962 1597 1037 1681; x_wconf 76' lang='grc' dir='ltr'><strong><em>περὶ</em></strong></span> <span class='ocrx_word' id='word_1_104' title='bbox 1056 1594 1095 1682; x_wconf 78' lang='grc' dir='ltr'><strong>ἢν</strong></span> <span class='ocrx_word' id='word_1_105' title='bbox 1117 1601 1172 1663; x_wconf 81' lang='grc' dir='ltr'><strong><em>καί</em></strong></span> <span class='ocrx_word' id='word_1_106' title='bbox 1192 1602 1280 1662; x_wconf 76' lang='grc' dir='ltr'><strong><em>θεω-</em></strong></span> 
     </span>
    </p>

    <p class='ocr_par' dir='ltr' id='par_1_11' title="bbox 181 1692 1278 1784">
     <span class='ocr_line' id='line_1_13' title="bbox 181 1692 1278 1784; baseline -0.002 -19"><span class='ocrx_word' id='word_1_107' title='bbox 181 1710 285 1784; x_wconf 76' lang='grc' dir='ltr'><strong><em>ρεῖται</em></strong></span> <span class='ocrx_word' id='word_1_108' title='bbox 319 1704 375 1765; x_wconf 78' lang='grc' dir='ltr'><strong>καί</strong></span> <span class='ocrx_word' id='word_1_109' title='bbox 406 1704 549 1783; x_wconf 78' lang='grc' dir='ltr'><strong><em>λέγεται,</em></strong></span> <span class='ocrx_word' id='word_1_110' title='bbox 585 1700 617 1766; x_wconf 86' lang='grc' dir='ltr'><strong><em>τό</em></strong></span> <span class='ocrx_word' id='word_1_111' title='bbox 641 1702 711 1763; x_wconf 75' lang='grc' dir='ltr'><strong><em>καθ’</em></strong></span> <span class='ocrx_word' id='word_1_112' title='bbox 733 1697 834 1784; x_wconf 75' lang='grc' dir='ltr'><strong><em>πότην</em></strong></span> <span class='ocrx_word' id='word_1_113' title='bbox 862 1692 943 1772; x_wconf 78' lang='grc' dir='ltr'><strong><em>εἶναι</em></strong></span> <span class='ocrx_word' id='word_1_114' title='bbox 966 1700 1118 1781; x_wconf 81' lang='grc' dir='ltr'><strong><em>οόόομιός</em></strong></span> <span class='ocrx_word' id='word_1_115' title='bbox 1142 1696 1278 1781; x_wconf 76' lang='grc' dir='ltr'><strong><em>ἔχουσα.</em></strong></span> 
     </span>
    </p>

    <p class='ocr_par' dir='ltr' id='par_1_12' title="bbox 180 1794 1279 1886">
     <span class='ocr_line' id='line_1_14' title="bbox 180 1794 1279 1886; baseline -0.002 -21"><span class='ocrx_word' id='word_1_116' title='bbox 180 1796 232 1865; x_wconf 84' lang='grc' dir='ltr'><strong><em>διό</em></strong></span> <span class='ocrx_word' id='word_1_117' title='bbox 257 1804 313 1866; x_wconf 82' lang='grc' dir='ltr'>καί</span> <span class='ocrx_word' id='word_1_118' title='bbox 332 1795 408 1885; x_wconf 79' lang='grc' dir='ltr'><strong><em>δίχα</em></strong></span> <span class='ocrx_word' id='word_1_119' title='bbox 429 1802 600 1886; x_wconf 74' lang='grc' dir='ltr'><strong><em>ποιοτήτων</em></strong></span> <span class='ocrx_word' id='word_1_120' title='bbox 622 1801 785 1885; x_wconf 77' lang='grc' dir='ltr'><strong><em>οἶναλόγων</em></strong></span> <span class='ocrx_word' id='word_1_121' title='bbox 813 1794 958 1875; x_wconf 73' lang='grc' dir='ltr'><strong><em>ἑκάστοις</em></strong></span> <span class='ocrx_word' id='word_1_122' title='bbox 980 1801 1036 1863; x_wconf 85' lang='grc' dir='ltr'><strong>οόκ</strong></span> <span class='ocrx_word' id='word_1_123' title='bbox 1066 1798 1151 1865; x_wconf 78' lang='grc' dir='ltr'><strong><em>ἔστιν</em></strong></span> <span class='ocrx_word' id='word_1_124' title='bbox 1171 1794 1279 1883; x_wconf 67' lang='lat' dir='ltr'><strong>ripeta</strong></span> 
     </span>
    </p>

    <p class='ocr_par' dir='ltr' id='par_1_13' title="bbox 135 1892 1396 2091">
     <span class='ocr_line' id='line_1_15' title="bbox 180 1892 1377 2026; baseline -0.001 -62"><span class='ocrx_word' id='word_1_125' title='bbox 180 1902 335 1982; x_wconf 80' lang='grc' dir='ltr'><strong><em>οόόεμόαν</em></strong></span> <span class='ocrx_word' id='word_1_126' title='bbox 356 1902 467 1967; x_wconf 82' lang='grc' dir='ltr'><strong><em>ου’σόαν</em></strong></span> <span class='ocrx_word' id='word_1_127' title='bbox 489 1901 693 1987; x_wconf 73' lang='grc' dir='ltr'><strong><em>ὑφίστασθαι</em></strong></span> <span class='ocrx_word' id='word_1_128' title='bbox 726 1904 942 1985; x_wconf 82' lang='grc' dir='ltr'><strong><em>όυναμόνην’</em></strong></span> <span class='ocrx_word' id='word_1_129' title='bbox 927 1926 961 1966; x_wconf 84' lang='grc' dir='ltr'><strong><em>ιν</em></strong></span> <span class='ocrx_word' id='word_1_130' title='bbox 983 1899 1102 2026; x_wconf 69' lang='grc' dir='ltr'><strong><em>κόσμρν.</em></strong></span> <span class='ocrx_word' id='word_1_131' title='bbox 1146 1892 1259 1964; x_wconf 69' lang='grc' dir='ltr'><strong>οἷονε</strong></span> <span class='ocrx_word' id='word_1_132' title='bbox 1235 1923 1279 1975; x_wconf 88' lang='grc' dir='ltr'><strong><em>ως</em></strong></span> <span class='ocrx_word' id='word_1_133' title='bbox 1370 1906 1377 1914; x_wconf 82' lang='grc'><em>“</em></span> 
     </span>
     <span class='ocr_line' id='line_1_16' title="bbox 135 1988 1396 2122; baseline -0.001 -56"><span class='ocrx_word' id='word_1_134' title='bbox 135 2008 196 2068; x_wconf 89' lang='grc'><strong>15</strong></span> <span class='ocrx_word' id='word_1_135' title='bbox 180 2029 232 2070; x_wconf 84' lang='lat' dir='ltr'><strong>snt</strong></span> <span class='ocrx_word' id='word_1_136' title='bbox 228 2001 548 2087; x_wconf 61' lang='grc' dir='ltr'><strong><em>όποόιιμματος,’</em></strong></span> <span class='ocrx_word' id='word_1_137' title='bbox 522 2028 551 2068; x_wconf 84' lang='grc' dir='ltr'><strong>τι</strong></span> <span class='ocrx_word' id='word_1_138' title='bbox 572 2028 620 2079; x_wconf 88' lang='grc' dir='ltr'><strong>τις</strong></span> <span class='ocrx_word' id='word_1_139' title='bbox 643 2006 808 2091; x_wconf 55' lang='lat' dir='ltr'><strong>certmst</strong></span> <span class='ocrx_word' id='word_1_140' title='bbox 792 2010 933 2091; x_wconf 78' lang='grc' dir='ltr'><strong><em>ινεργεόρι</em></strong></span> <span class='ocrx_word' id='word_1_141' title='bbox 953 2006 1013 2086; x_wconf 80' lang='grc' dir='ltr'><strong>μὲν</strong></span> <span class='ocrx_word' id='word_1_142' title='bbox 1033 2003 1093 2067; x_wconf 88' lang='grc' dir='ltr'><strong>οόκ</strong></span> <span class='ocrx_word' id='word_1_143' title='bbox 1113 1995 1155 2066; x_wconf 80' lang='grc' dir='ltr'><strong>όν</strong></span> <span class='ocrx_word' id='word_1_144' title='bbox 1177 2008 1278 2122; x_wconf 78' lang='grc' dir='ltr'><strong><em>ηαόην</em></strong></span> <span class='ocrx_word' id='word_1_145' title='bbox 1392 1988 1396 1996; x_wconf 46' lang='grc'><em>’</em></span> 
     </span>
    </p>

    <p class='ocr_par' dir='ltr' id='par_1_14' title="bbox 180 2095 1278 2227">
     <span class='ocr_line' id='line_1_17' title="bbox 180 2095 1278 2227; baseline -0.002 -58"><span class='ocrx_word' id='word_1_146' title='bbox 180 2100 355 2189; x_wconf 67' lang='lat' dir='ltr'><strong>(deductos</strong></span> <span class='ocrx_word' id='word_1_147' title='bbox 377 2104 439 2189; x_wconf 79' lang='lat' dir='ltr'><strong>ydp</strong></span> <span class='ocrx_word' id='word_1_148' title='bbox 464 2110 567 2227; x_wconf 72' lang='lat' dir='ltr'><strong>sopra)</strong></span> <span class='ocrx_word' id='word_1_149' title='bbox 605 2108 727 2194; x_wconf 73' lang='grc' dir='ltr'><strong><em>ἔπινοια</em></strong></span> <span class='ocrx_word' id='word_1_150' title='bbox 748 2107 774 2168; x_wconf 89' lang='grc' dir='ltr'><strong><em>ό</em></strong></span> <span class='ocrx_word' id='word_1_151' title='bbox 800 2096 859 2168; x_wconf 86' lang='grc' dir='ltr'><strong>σόν</strong></span> <span class='ocrx_word' id='word_1_152' title='bbox 882 2099 987 2189; x_wconf 75' lang='grc' dir='ltr'><strong><em>ὅμως,</em></strong></span> <span class='ocrx_word' id='word_1_153' title='bbox 1010 2104 1104 2169; x_wconf 66' lang='lat' dir='ltr'><strong>telios</strong></span> <span class='ocrx_word' id='word_1_154' title='bbox 1124 2102 1228 2185; x_wconf 87' lang='grc' dir='ltr'><strong><em>τινός,</em></strong></span> <span class='ocrx_word' id='word_1_155' title='bbox 1256 2095 1278 2187; x_wconf 80' lang='grc' dir='ltr'><em>ἢ</em></span> 
     </span>
    </p>

    <p class='ocr_par' dir='ltr' id='par_1_15' title="bbox 179 2203 1278 2292">
     <span class='ocr_line' id='line_1_18' title="bbox 179 2203 1278 2292; baseline -0.002 -21"><span class='ocrx_word' id='word_1_156' title='bbox 179 2210 299 2287; x_wconf 76' lang='grc' dir='ltr'><strong><em>μᾶλλον</em></strong></span> <span class='ocrx_word' id='word_1_157' title='bbox 318 2208 438 2289; x_wconf 78' lang='grc' dir='ltr'><strong><em>εἰπεῖν,</em></strong></span> <span class='ocrx_word' id='word_1_158' title='bbox 471 2204 528 2283; x_wconf 85' lang='grc' dir='ltr'><strong>τός</strong></span> <span class='ocrx_word' id='word_1_159' title='bbox 552 2208 609 2292; x_wconf 76' lang='grc' dir='ltr'><strong>τῆς</strong></span> <span class='ocrx_word' id='word_1_160' title='bbox 632 2204 738 2290; x_wconf 83' lang='grc' dir='ltr'><strong><em>χιόνος</em></strong></span> <span class='ocrx_word' id='word_1_161' title='bbox 760 2203 925 2292; x_wconf 80' lang='grc' dir='ltr'><strong><em>ἐμφότους</em></strong></span> <span class='ocrx_word' id='word_1_162' title='bbox 948 2204 1135 2292; x_wconf 85' lang='grc' dir='ltr'><strong><em>ποιότητος,</em></strong></span> <span class='ocrx_word' id='word_1_163' title='bbox 1169 2204 1226 2290; x_wconf 73' lang='grc' dir='ltr'><strong><em>τήν</em></strong></span> <span class='ocrx_word' id='word_1_164' title='bbox 1245 2228 1278 2271; x_wconf 83' lang='grc' dir='ltr'><strong>τι</strong></span> 
     </span>
    </p>

    <p class='ocr_par' dir='ltr' id='par_1_16' title="bbox 178 2304 1404 2427">
     <span class='ocr_line' id='line_1_19' title="bbox 178 2304 1404 2427; baseline 0 -54"><span class='ocrx_word' id='word_1_165' title='bbox 178 2304 353 2391; x_wconf 84' lang='grc' dir='ltr'><strong><em>λευκότητα</em></strong></span> <span class='ocrx_word' id='word_1_166' title='bbox 385 2307 507 2394; x_wconf 81' lang='grc' dir='ltr'><strong><em>όηλαόη</em></strong></span> <span class='ocrx_word' id='word_1_167' title='bbox 544 2308 598 2372; x_wconf 85' lang='grc' dir='ltr'><strong><em>καί</em></strong></span> <span class='ocrx_word' id='word_1_168' title='bbox 617 2305 809 2427; x_wconf 79' lang='grc' dir='ltr'><strong><em>ψυχρότητα</em></strong></span> <span class='ocrx_word' id='word_1_169' title='bbox 839 2310 895 2371; x_wconf 87' lang='grc' dir='ltr'><strong><em>κατ’</em></strong></span> <span class='ocrx_word' id='word_1_170' title='bbox 916 2308 1085 2393; x_wconf 76' lang='grc' dir='ltr'><strong><em>όμρότητα</em></strong></span> <span class='ocrx_word' id='word_1_171' title='bbox 1115 2333 1167 2373; x_wconf 88' lang='grc' dir='ltr'><strong><em>και</em></strong></span> <span class='ocrx_word' id='word_1_172' title='bbox 1197 2332 1227 2373; x_wconf 85' lang='grc' dir='ltr'><strong>ιι</strong></span> <span class='ocrx_word' id='word_1_173' title='bbox 1248 2331 1307 2387; x_wconf 80' lang='grc' dir='ltr'><strong>τις</strong></span> <span class='ocrx_word' id='word_1_174' title='bbox 1320 2332 1404 2388; x_wconf 60' lang='lat'><strong>1731</strong></span> 
     </span>
    </p>

    <p class='ocr_par' dir='ltr' id='par_1_17' title="bbox 101 2401 1297 2492">
     <span class='ocr_line' id='line_1_20' title="bbox 101 2401 1297 2492; baseline -0.001 -17"><span class='ocrx_word' id='word_1_175' title='bbox 101 2468 104 2475; x_wconf 21' lang='grc' dir='ltr'><strong><em>Δ</em></strong></span> <span class='ocrx_word' id='word_1_176' title='bbox 176 2412 332 2491; x_wconf 78' lang='grc' dir='ltr'><strong><em>τοιοῦτον,</em></strong></span> <span class='ocrx_word' id='word_1_177' title='bbox 354 2401 490 2473; x_wconf 76' lang='grc' dir='ltr'><strong><em>εἶναι</em></strong></span> <span class='ocrx_word' id='word_1_178' title='bbox 458 2433 492 2474; x_wconf 91' lang='grc' dir='ltr'><strong><em>το</em></strong></span> <span class='ocrx_word' id='word_1_179' title='bbox 517 2407 702 2492; x_wconf 81' lang='grc' dir='ltr'><strong><em>λειπόμενον</em></strong></span> <span class='ocrx_word' id='word_1_180' title='bbox 725 2434 851 2485; x_wconf 90' lang='grc' dir='ltr'><strong><em>παντως</em></strong></span> <span class='ocrx_word' id='word_1_181' title='bbox 866 2411 968 2475; x_wconf 82' lang='grc' dir='ltr'><strong><em>συόόν</em></strong></span> <span class='ocrx_word' id='word_1_182' title='bbox 995 2402 1065 2471; x_wconf 78' lang='lat' dir='ltr'><strong>dd‘</strong></span> <span class='ocrx_word' id='word_1_183' title='bbox 1086 2410 1181 2474; x_wconf 79' lang='grc' dir='ltr'><strong><em>οόόὲν</em></strong></span> <span class='ocrx_word' id='word_1_184' title='bbox 1203 2414 1297 2474; x_wconf 72' lang='grc' dir='ltr'><strong><em>καθ’</em></strong></span> 
     </span>
    </p>

    <p class='ocr_par' dir='ltr' id='par_1_18' title="bbox 133 2502 1278 2638">
     <span class='ocr_line' id='line_1_21' title="bbox 133 2502 1278 2638; baseline 0 -61"><span class='ocrx_word' id='word_1_185' title='bbox 133 2508 272 2593; x_wconf 71' lang='lat' dir='ltr'><strong>20udso&#39;,</strong></span> <span class='ocrx_word' id='word_1_186' title='bbox 295 2512 362 2586; x_wconf 80' lang='grc' dir='ltr'><strong><em>πυός</em></strong></span> <span class='ocrx_word' id='word_1_187' title='bbox 386 2510 638 2638; x_wconf 73' lang='grc' dir='ltr'><strong><em>οόθόπαρκτονς</em></strong></span> <span class='ocrx_word' id='word_1_188' title='bbox 658 2507 785 2575; x_wconf 78' lang='grc' dir='ltr'><strong><em>κατόπι</em></strong></span> <span class='ocrx_word' id='word_1_189' title='bbox 808 2514 871 2575; x_wconf 81' lang='grc' dir='ltr'><strong><em>τῶν</em></strong></span> <span class='ocrx_word' id='word_1_190' title='bbox 892 2502 991 2576; x_wconf 86' lang='grc' dir='ltr'><strong><em>όντων</em></strong></span> <span class='ocrx_word' id='word_1_191' title='bbox 1005 2511 1152 2596; x_wconf 78' lang='grc' dir='ltr'><strong><em>τόρησεις</em></strong></span> <span class='ocrx_word' id='word_1_192' title='bbox 1176 2510 1278 2577; x_wconf 77' lang='lat' dir='ltr'><strong>dads-</strong></span> 
     </span>
    </p>

    <p class='ocr_par' dir='ltr' id='par_1_19' title="bbox 176 2612 940 2692">
     <span class='ocr_line' id='line_1_22' title="bbox 176 2612 940 2692; baseline -0.001 -12"><span class='ocrx_word' id='word_1_193' title='bbox 176 2637 239 2680; x_wconf 87' lang='grc' dir='ltr'><strong><em>των</em></strong></span> <span class='ocrx_word' id='word_1_194' title='bbox 263 2612 380 2692; x_wconf 82' lang='grc' dir='ltr'><strong><em>ὅμοι’ως</em></strong></span> <span class='ocrx_word' id='word_1_195' title='bbox 404 2615 457 2677; x_wconf 84' lang='grc' dir='ltr'><strong><em>αἐι</em></strong></span> <span class='ocrx_word' id='word_1_196' title='bbox 479 2615 533 2677; x_wconf 79' lang='grc' dir='ltr'><strong><em>καί</em></strong></span> <span class='ocrx_word' id='word_1_197' title='bbox 553 2637 665 2677; x_wconf 90' lang='grc' dir='ltr'><strong><em>ποσιον</em></strong></span> <span class='ocrx_word' id='word_1_198' title='bbox 684 2614 804 2677; x_wconf 81' lang='grc' dir='ltr'><strong><em>ου’σιιόν</em></strong></span> <span class='ocrx_word' id='word_1_199' title='bbox 824 2616 940 2679; x_wconf 84' lang='grc' dir='ltr'><strong><em>τουτοΐ.</em></strong></span> 
     </span>
    </p>

    <p class='ocr_par' dir='ltr' id='par_1_20' title="bbox 174 2692 1342 2903">
     <span class='ocr_line' id='line_1_23' title="bbox 268 2692 1342 2834; baseline 0.002 -56.019"><span class='ocrx_word' id='word_1_200' title='bbox 268 2704 372 2796; x_wconf 83' lang='grc' dir='ltr'><strong><em>Εχτις</em></strong></span> <span class='ocrx_word' id='word_1_201' title='bbox 394 2714 513 2793; x_wconf 78' lang='grc' dir='ltr'><strong><em>τοίνυν,</em></strong></span> <span class='ocrx_word' id='word_1_202' title='bbox 535 2705 561 2779; x_wconf 78' lang='grc' dir='ltr'><strong><em>τό</em></strong></span> <span class='ocrx_word' id='word_1_203' title='bbox 584 2717 673 2801; x_wconf 79' lang='grc' dir='ltr'><strong><em>φίλι</em></strong></span> <span class='ocrx_word' id='word_1_204' title='bbox 683 2713 834 2834; x_wconf 51' lang='lat' dir='ltr'><strong>bledesne,</strong></span> <span class='ocrx_word' id='word_1_205' title='bbox 854 2711 908 2780; x_wconf 79' lang='grc' dir='ltr'><strong><em>διό</em></strong></span> <span class='ocrx_word' id='word_1_206' title='bbox 928 2715 1116 2801; x_wconf 73' lang='grc' dir='ltr'><strong><em>βροχόων“</em></strong></span> <span class='ocrx_word' id='word_1_207' title='bbox 1100 2718 1180 2800; x_wconf 83' lang='grc' dir='ltr'><strong><em>ορόν</em></strong></span> <span class='ocrx_word' id='word_1_208' title='bbox 1201 2692 1342 2795; x_wconf 72' lang='lat' dir='ltr'><strong>eodm</strong></span> 
     </span>
     <span class='ocr_line' id='line_1_24' title="bbox 174 2814 1275 2903; baseline -0.002 -19"><span class='ocrx_word' id='word_1_209' title='bbox 174 2816 400 2892; x_wconf 81' lang='grc' dir='ltr'><strong><em>όκονονόστσυς</em></strong></span> <span class='ocrx_word' id='word_1_210' title='bbox 421 2817 476 2880; x_wconf 84' lang='grc' dir='ltr'><strong><em>καί</em></strong></span> <span class='ocrx_word' id='word_1_211' title='bbox 494 2817 605 2903; x_wconf 84' lang='grc' dir='ltr'><strong><em>πόρρω</em></strong></span> <span class='ocrx_word' id='word_1_212' title='bbox 619 2814 737 2892; x_wconf 88' lang='grc' dir='ltr'><strong><em>παντός</em></strong></span> <span class='ocrx_word' id='word_1_213' title='bbox 757 2811 1035 2896; x_wconf 83' lang='grc' dir='ltr'><strong><em>κανόνοςκονόνας</em></strong></span> <span class='ocrx_word' id='word_1_214' title='bbox 1048 2842 1105 2885; x_wconf 88' lang='grc' dir='ltr'><strong><em>του</em></strong></span> <span class='ocrx_word' id='word_1_215' title='bbox 1093 2821 1275 2902; x_wconf 79' lang='grc' dir='ltr'><strong><em>Παλομᾶ,</em></strong></span> 
     </span>
    </p>
   </div>
   <div class='ocr_carea' id='block_1_3' title="bbox 137 3104 1382 4238">
    <p class='ocr_par' dir='ltr' id='par_1_21' title="bbox 175 3104 1382 4108">
     <span class='ocr_line' id='line_1_25' title="bbox 176 3104 1309 3180; baseline -0.005 -13"><span class='ocrx_word' id='word_1_216' title='bbox 176 3119 312 3180; x_wconf 88' lang='lat' dir='ltr'><strong>coeptum,</strong></span> <span class='ocrx_word' id='word_1_217' title='bbox 330 3126 384 3164; x_wconf 89' lang='lat' dir='ltr'><strong>non</strong></span> <span class='ocrx_word' id='word_1_218' title='bbox 403 3111 545 3179; x_wconf 87' lang='lat' dir='ltr'><strong>incipiens.</strong></span> <span class='ocrx_word' id='word_1_219' title='bbox 581 3111 707 3164; x_wconf 80' lang='lat' dir='ltr'><strong>inferius</strong></span> <span class='ocrx_word' id='word_1_220' title='bbox 715 3112 784 3163; x_wconf 85' lang='lat' dir='ltr'><strong>enim</strong></span> <span class='ocrx_word' id='word_1_221' title='bbox 810 3125 871 3163; x_wconf 88' lang='lat' dir='ltr'><strong>esse</strong></span> <span class='ocrx_word' id='word_1_222' title='bbox 894 3126 1008 3164; x_wconf 88' lang='lat' dir='ltr'><strong>necesse</strong></span> <span class='ocrx_word' id='word_1_223' title='bbox 1027 3119 1069 3165; x_wconf 91' lang='lat' dir='ltr'><strong>est</strong></span> <span class='ocrx_word' id='word_1_224' title='bbox 1085 3110 1113 3163; x_wconf 89' lang='lat' dir='ltr'><strong>id</strong></span> <span class='ocrx_word' id='word_1_225' title='bbox 1133 3125 1186 3179; x_wconf 87' lang='lat' dir='ltr'><strong>qao</strong></span> <span class='ocrx_word' id='word_1_226' title='bbox 1203 3104 1309 3163; x_wconf 86' lang='lat' dir='ltr'><strong>indi-</strong></span> 
     </span>
     <span class='ocr_line' id='line_1_26' title="bbox 175 3174 1276 3256; baseline -0.002 -20"><span class='ocrx_word' id='word_1_227' title='bbox 175 3201 242 3256; x_wconf 73' lang='lat' dir='ltr'><strong>gum</strong></span> <span class='ocrx_word' id='word_1_228' title='bbox 261 3184 373 3252; x_wconf 70' lang='lat' dir='ltr'><strong>indiget.</strong></span> <span class='ocrx_word' id='word_1_229' title='bbox 410 3191 440 3234; x_wconf 89' lang='lat' dir='ltr'><strong>ut</strong></span> <span class='ocrx_word' id='word_1_230' title='bbox 458 3184 570 3236; x_wconf 78' lang='lat' dir='ltr'><strong>inferius</strong></span> <span class='ocrx_word' id='word_1_231' title='bbox 589 3183 637 3248; x_wconf 89' lang='lat' dir='ltr'><strong>lit,</strong></span> <span class='ocrx_word' id='word_1_232' title='bbox 662 3184 700 3234; x_wconf 88' lang='lat' dir='ltr'><strong>ita</strong></span> <span class='ocrx_word' id='word_1_233' title='bbox 724 3183 752 3234; x_wconf 91' lang='lat' dir='ltr'><strong>in</strong></span> <span class='ocrx_word' id='word_1_234' title='bbox 780 3184 939 3235; x_wconf 78' lang='lat' dir='ltr'><strong>servitutem</strong></span> <span class='ocrx_word' id='word_1_235' title='bbox 957 3183 1041 3236; x_wconf 85' lang='lat' dir='ltr'><strong>venit.</strong></span> <span class='ocrx_word' id='word_1_236' title='bbox 1091 3182 1162 3250; x_wconf 89' lang='lat' dir='ltr'><strong>qnod</strong></span> <span class='ocrx_word' id='word_1_237' title='bbox 1180 3174 1276 3247; x_wconf 72' lang='lat' dir='ltr'><strong>servit,</strong></span> 
     </span>
     <span class='ocr_line' id='line_1_27' title="bbox 175 3253 1276 3324; baseline -0.005 -15"><span class='ocrx_word' id='word_1_238' title='bbox 175 3271 232 3310; x_wconf 92' lang='lat' dir='ltr'><strong>non</strong></span> <span class='ocrx_word' id='word_1_239' title='bbox 252 3264 293 3308; x_wconf 85' lang='lat' dir='ltr'><strong>est</strong></span> <span class='ocrx_word' id='word_1_240' title='bbox 315 3256 450 3324; x_wconf 86' lang='lat' dir='ltr'><strong>proprium</strong></span> <span class='ocrx_word' id='word_1_241' title='bbox 469 3256 510 3308; x_wconf 91' lang='lat' dir='ltr'><strong>sui</strong></span> <span class='ocrx_word' id='word_1_242' title='bbox 526 3270 579 3306; x_wconf 86' lang='lat' dir='ltr'><strong>noe</strong></span> <span class='ocrx_word' id='word_1_243' title='bbox 599 3262 695 3321; x_wconf 70' lang='lat' dir='ltr'><strong>peras</strong></span> <span class='ocrx_word' id='word_1_244' title='bbox 716 3253 843 3306; x_wconf 85' lang='lat' dir='ltr'><strong>existens.</strong></span> <span class='ocrx_word' id='word_1_245' title='bbox 884 3269 939 3306; x_wconf 90' lang='lat' dir='ltr'><strong>noa</strong></span> <span class='ocrx_word' id='word_1_246' title='bbox 966 3254 1049 3322; x_wconf 79' lang='lat' dir='ltr'><strong>igitur</strong></span> <span class='ocrx_word' id='word_1_247' title='bbox 1073 3261 1181 3321; x_wconf 88' lang='lat' dir='ltr'><strong>practer</strong></span> <span class='ocrx_word' id='word_1_248' title='bbox 1197 3269 1276 3304; x_wconf 88' lang='lat' dir='ltr'><strong>unam</strong></span> 
     </span>
     <span class='ocr_line' id='line_1_28' title="bbox 176 3324 1277 3392; baseline -0.007 -10"><span class='ocrx_word' id='word_1_249' title='bbox 176 3329 295 3382; x_wconf 87' lang='lat' dir='ltr'><strong>divinam</strong></span> <span class='ocrx_word' id='word_1_250' title='bbox 315 3328 473 3392; x_wconf 84' lang='lat' dir='ltr'><strong>essentiam,</strong></span> <span class='ocrx_word' id='word_1_251' title='bbox 499 3326 611 3378; x_wconf 89' lang='lat' dir='ltr'><strong>aliarum</strong></span> <span class='ocrx_word' id='word_1_252' title='bbox 634 3325 703 3377; x_wconf 87' lang='lat' dir='ltr'><strong>nulli</strong></span> <span class='ocrx_word' id='word_1_253' title='bbox 724 3333 764 3377; x_wconf 87' lang='lat' dir='ltr'><strong>eat</strong></span> <span class='ocrx_word' id='word_1_254' title='bbox 787 3341 836 3392; x_wconf 93' lang='lat' dir='ltr'><strong>per</strong></span> <span class='ocrx_word' id='word_1_255' title='bbox 854 3341 883 3377; x_wconf 92' lang='lat' dir='ltr'><strong>se</strong></span> <span class='ocrx_word' id='word_1_256' title='bbox 913 3326 1064 3376; x_wconf 76' lang='lat' dir='ltr'><strong>existentia.</strong></span> <span class='ocrx_word' id='word_1_257' title='bbox 1102 3324 1277 3376; x_wconf 86' lang='lat' dir='ltr'><strong>essentiarum</strong></span> 
     </span>
     <span class='ocr_line' id='line_1_29' title="bbox 177 3394 1278 3467; baseline -0.006 -15"><span class='ocrx_word' id='word_1_258' title='bbox 177 3402 249 3452; x_wconf 90' lang='lat' dir='ltr'><strong>enim</strong></span> <span class='ocrx_word' id='word_1_259' title='bbox 269 3399 398 3467; x_wconf 77' lang='lat' dir='ltr'><strong>qualitate</strong></span> <span class='ocrx_word' id='word_1_260' title='bbox 417 3399 594 3467; x_wconf 85' lang='lat' dir='ltr'><strong>praeditarum</strong></span> <span class='ocrx_word' id='word_1_261' title='bbox 607 3406 755 3448; x_wconf 81' lang='lat' dir='ltr'><strong>creatorem</strong></span> <span class='ocrx_word' id='word_1_262' title='bbox 771 3413 831 3448; x_wconf 89' lang='lat' dir='ltr'><strong>esse</strong></span> <span class='ocrx_word' id='word_1_263' title='bbox 849 3397 968 3450; x_wconf 81' lang='lat' dir='ltr'><strong>denmli.</strong></span> <span class='ocrx_word' id='word_1_264' title='bbox 985 3398 1111 3449; x_wconf 86' lang='lat' dir='ltr'><strong>llaximus</strong></span> <span class='ocrx_word' id='word_1_265' title='bbox 1130 3394 1278 3448; x_wconf 81' lang='lat' dir='ltr'><strong>declaravit</strong></span> 
     </span>
     <span class='ocr_line' id='line_1_30' title="bbox 177 3467 1382 3538; baseline -0.006 -15"><span class='ocrx_word' id='word_1_266' title='bbox 177 3480 207 3524; x_wconf 91' lang='lat' dir='ltr'><strong>et</strong></span> <span class='ocrx_word' id='word_1_267' title='bbox 224 3479 318 3522; x_wconf 83' lang='lat' dir='ltr'><strong>natura</strong></span> <span class='ocrx_word' id='word_1_268' title='bbox 336 3474 394 3538; x_wconf 90' lang='lat' dir='ltr'><strong>ipsa</strong></span> <span class='ocrx_word' id='word_1_269' title='bbox 414 3473 493 3524; x_wconf 89' lang='lat' dir='ltr'><strong>docet</strong></span> <span class='ocrx_word' id='word_1_270' title='bbox 511 3469 729 3538; x_wconf 81' lang='lat' dir='ltr'><strong>perceptionibus</strong></span> <span class='ocrx_word' id='word_1_271' title='bbox 750 3477 865 3520; x_wconf 85' lang='lat' dir='ltr'><strong>mentem</strong></span> <span class='ocrx_word' id='word_1_272' title='bbox 886 3468 1083 3520; x_wconf 84' lang='lat' dir='ltr'><strong>adiuvantibus.</strong></span> <span class='ocrx_word' id='word_1_273' title='bbox 1119 3481 1172 3518; x_wconf 89' lang='lat' dir='ltr'><strong>una</strong></span> <span class='ocrx_word' id='word_1_274' title='bbox 1196 3467 1276 3531; x_wconf 84' lang='lat' dir='ltr'><strong>enim,</strong></span> <span class='ocrx_word' id='word_1_275' title='bbox 1378 3499 1382 3502; x_wconf 89' lang='lat'><em>-</em></span> 
     </span>
     <span class='ocr_line' id='line_1_31' title="bbox 176 3538 1277 3611; baseline -0.004 -17"><span class='ocrx_word' id='word_1_276' title='bbox 176 3543 274 3611; x_wconf 88' lang='lat' dir='ltr'><strong>inquit,</strong></span> <span class='ocrx_word' id='word_1_277' title='bbox 294 3551 321 3594; x_wconf 91' lang='lat' dir='ltr'><strong>et</strong></span> <span class='ocrx_word' id='word_1_278' title='bbox 341 3542 454 3608; x_wconf 80' lang='lat' dir='ltr'><strong>simplex</strong></span> <span class='ocrx_word' id='word_1_279' title='bbox 474 3550 501 3594; x_wconf 85' lang='lat' dir='ltr'><strong>et</strong></span> <span class='ocrx_word' id='word_1_280' title='bbox 518 3557 572 3594; x_wconf 91' lang='lat' dir='ltr'><strong>non</strong></span> <span class='ocrx_word' id='word_1_281' title='bbox 599 3543 722 3608; x_wconf 83' lang='lat' dir='ltr'><strong>indigens</strong></span> <span class='ocrx_word' id='word_1_282' title='bbox 743 3547 770 3591; x_wconf 89' lang='lat' dir='ltr'><strong>et</strong></span> <span class='ocrx_word' id='word_1_283' title='bbox 788 3539 931 3592; x_wconf 87' lang='lat' dir='ltr'><strong>immobilis</strong></span> <span class='ocrx_word' id='word_1_284' title='bbox 956 3540 1072 3592; x_wconf 84' lang='lat' dir='ltr'><strong>creatrix</strong></span> <span class='ocrx_word' id='word_1_285' title='bbox 1090 3538 1212 3590; x_wconf 86' lang='lat' dir='ltr'><strong>universi</strong></span> <span class='ocrx_word' id='word_1_286' title='bbox 1231 3553 1277 3590; x_wconf 83' lang='lat' dir='ltr'><strong>ea-</strong></span> 
     </span>
     <span class='ocr_line' id='line_1_32' title="bbox 178 3609 1278 3695; baseline -0.005 -30"><span class='ocrx_word' id='word_1_287' title='bbox 178 3613 313 3666; x_wconf 86' lang='lat' dir='ltr'><strong>sentiaS.</strong></span> <span class='ocrx_word' id='word_1_288' title='bbox 333 3615 469 3665; x_wconf 87' lang='lat' dir='ltr'><strong>trinitatis.</strong></span> <span class='ocrx_word' id='word_1_289' title='bbox 508 3615 592 3665; x_wconf 90' lang='lat' dir='ltr'><strong>omnis</strong></span> <span class='ocrx_word' id='word_1_290' title='bbox 611 3621 700 3664; x_wconf 88' lang='lat' dir='ltr'><strong>autem</strong></span> <span class='ocrx_word' id='word_1_291' title='bbox 727 3615 850 3662; x_wconf 74' lang='lat' dir='ltr'><strong>creatura</strong></span> <span class='ocrx_word' id='word_1_292' title='bbox 869 3612 1016 3695; x_wconf 82' lang='lat' dir='ltr'><strong>composita</strong></span> <span class='ocrx_word' id='word_1_293' title='bbox 1044 3619 1085 3662; x_wconf 88' lang='lat' dir='ltr'><strong>est</strong></span> <span class='ocrx_word' id='word_1_294' title='bbox 1106 3625 1140 3660; x_wconf 93' lang='lat' dir='ltr'><strong>ex</strong></span> <span class='ocrx_word' id='word_1_295' title='bbox 1160 3609 1278 3662; x_wconf 85' lang='lat' dir='ltr'><strong>essentia</strong></span> 
     </span>
     <span class='ocr_line' id='line_1_33' title="bbox 178 3681 1277 3769; baseline -0.005 -31"><span class='ocrx_word' id='word_1_296' title='bbox 178 3693 206 3738; x_wconf 87' lang='lat' dir='ltr'><strong>et</strong></span> <span class='ocrx_word' id='word_1_297' title='bbox 224 3683 362 3769; x_wconf 78' lang='lat' dir='ltr'><strong>qualitate.</strong></span> <span class='ocrx_word' id='word_1_298' title='bbox 409 3687 494 3737; x_wconf 91' lang='lat' dir='ltr'><strong>omnis</strong></span> <span class='ocrx_word' id='word_1_299' title='bbox 515 3686 638 3769; x_wconf 83' lang='lat' dir='ltr'><strong>qualitas</strong></span> <span class='ocrx_word' id='word_1_300' title='bbox 662 3691 702 3736; x_wconf 88' lang='lat' dir='ltr'><strong>est</strong></span> <span class='ocrx_word' id='word_1_301' title='bbox 727 3683 861 3744; x_wconf 78' lang='lat' dir='ltr'><strong>essentiae</strong></span> <span class='ocrx_word' id='word_1_302' title='bbox 887 3684 994 3734; x_wconf 86' lang='lat' dir='ltr'><strong>omnino</strong></span> <span class='ocrx_word' id='word_1_303' title='bbox 1013 3681 1153 3744; x_wconf 81' lang='lat' dir='ltr'><strong>subiecta,</strong></span> <span class='ocrx_word' id='word_1_304' title='bbox 1178 3682 1206 3732; x_wconf 89' lang='lat' dir='ltr'><strong>in</strong></span> <span class='ocrx_word' id='word_1_305' title='bbox 1225 3695 1277 3749; x_wconf 81' lang='lat' dir='ltr'><strong>qua</strong></span> 
     </span>
     <span class='ocr_line' id='line_1_34' title="bbox 177 3754 1278 3836; baseline -0.006 -28"><span class='ocrx_word' id='word_1_306' title='bbox 177 3758 298 3808; x_wconf 89' lang='lat' dir='ltr'><strong>cernitur</strong></span> <span class='ocrx_word' id='word_1_307' title='bbox 318 3765 344 3808; x_wconf 92' lang='lat' dir='ltr'><strong>et</strong></span> <span class='ocrx_word' id='word_1_308' title='bbox 362 3757 469 3820; x_wconf 90' lang='lat' dir='ltr'><strong>dicitur,</strong></span> <span class='ocrx_word' id='word_1_309' title='bbox 487 3757 594 3808; x_wconf 88' lang='lat' dir='ltr'><strong>minime</strong></span> <span class='ocrx_word' id='word_1_310' title='bbox 613 3771 661 3824; x_wconf 87' lang='lat' dir='ltr'><strong>per</strong></span> <span class='ocrx_word' id='word_1_311' title='bbox 680 3771 710 3808; x_wconf 89' lang='lat' dir='ltr'><strong>se</strong></span> <span class='ocrx_word' id='word_1_312' title='bbox 722 3754 824 3806; x_wconf 89' lang='lat' dir='ltr'><strong>habens</strong></span> <span class='ocrx_word' id='word_1_313' title='bbox 837 3755 1014 3805; x_wconf 80' lang='lat' dir='ltr'><strong>existentiam.</strong></span> <span class='ocrx_word' id='word_1_314' title='bbox 1051 3754 1113 3804; x_wconf 89' lang='lat' dir='ltr'><strong>ideo</strong></span> <span class='ocrx_word' id='word_1_315' title='bbox 1131 3754 1189 3803; x_wconf 88' lang='lat' dir='ltr'><strong>sine</strong></span> <span class='ocrx_word' id='word_1_316' title='bbox 1208 3766 1278 3836; x_wconf 38' lang='lat' dir='ltr'><strong>qua·-</strong></span> 
     </span>
     <span class='ocr_line' id='line_1_35' title="bbox 176 3823 1278 3896; baseline -0.005 -17"><span class='ocrx_word' id='word_1_317' title='bbox 176 3827 298 3880; x_wconf 88' lang='lat' dir='ltr'><strong>litatibus</strong></span> <span class='ocrx_word' id='word_1_318' title='bbox 327 3829 424 3896; x_wconf 90' lang='lat' dir='ltr'><strong>cuique</strong></span> <span class='ocrx_word' id='word_1_319' title='bbox 452 3829 521 3894; x_wconf 89' lang='lat' dir='ltr'><strong>aptis</strong></span> <span class='ocrx_word' id='word_1_320' title='bbox 549 3827 650 3880; x_wconf 86' lang='lat' dir='ltr'><strong>nullam</strong></span> <span class='ocrx_word' id='word_1_321' title='bbox 676 3826 741 3878; x_wconf 89' lang='lat' dir='ltr'><strong>licet</strong></span> <span class='ocrx_word' id='word_1_322' title='bbox 773 3827 916 3877; x_wconf 87' lang='lat' dir='ltr'><strong>essentiam</strong></span> <span class='ocrx_word' id='word_1_323' title='bbox 942 3825 1082 3888; x_wconf 88' lang='lat' dir='ltr'><strong>invenire,</strong></span> <span class='ocrx_word' id='word_1_324' title='bbox 1105 3839 1173 3892; x_wconf 87' lang='lat' dir='ltr'><strong>quae</strong></span> <span class='ocrx_word' id='word_1_325' title='bbox 1192 3823 1278 3890; x_wconf 89' lang='lat' dir='ltr'><strong>possit</strong></span> 
     </span>
     <span class='ocr_line' id='line_1_36' title="bbox 179 3861 1276 3967; baseline -0.005 -17"><span class='ocrx_word' id='word_1_326' title='bbox 179 3899 296 3950; x_wconf 85' lang='lat' dir='ltr'><strong>existere</strong></span> <span class='ocrx_word' id='word_1_327' title='bbox 315 3899 343 3949; x_wconf 93' lang='lat' dir='ltr'><strong>in</strong></span> <span class='ocrx_word' id='word_1_328' title='bbox 362 3900 468 3950; x_wconf 90' lang='lat' dir='ltr'><strong>mundo.</strong></span> <span class='ocrx_word' id='word_1_329' title='bbox 490 3916 513 3949; x_wconf 88' lang='lat' dir='ltr'><strong>e.</strong></span> <span class='ocrx_word' id='word_1_330' title='bbox 534 3914 561 3966; x_wconf 81' lang='lat' dir='ltr'><strong>g.</strong></span> <span class='ocrx_word' id='word_1_331' title='bbox 581 3901 603 3950; x_wconf 90' lang='lat' dir='ltr'><strong>si</strong></span> <span class='ocrx_word' id='word_1_332' title='bbox 624 3899 682 3967; x_wconf 87' lang='lat' dir='ltr'><strong>quis</strong></span> <span class='ocrx_word' id='word_1_333' title='bbox 701 3895 856 3961; x_wconf 81' lang='lat' dir='ltr'><strong>abstulerit,</strong></span> <span class='ocrx_word' id='word_1_334' title='bbox 879 3912 933 3948; x_wconf 92' lang='lat' dir='ltr'><strong>non</strong></span> <span class='ocrx_word' id='word_1_335' title='bbox 951 3913 981 3949; x_wconf 92' lang='lat' dir='ltr'><strong>re</strong></span> <span class='ocrx_word' id='word_1_336' title='bbox 1000 3861 1101 3959; x_wconf 73' lang='lat' dir='ltr'><strong>dicad,</strong></span> <span class='ocrx_word' id='word_1_337' title='bbox 1126 3896 1196 3964; x_wconf 89' lang='lat' dir='ltr'><strong>quod</strong></span> <span class='ocrx_word' id='word_1_338' title='bbox 1216 3895 1276 3947; x_wconf 84' lang='lat' dir='ltr'><strong>lieri</strong></span> 
     </span>
     <span class='ocr_line' id='line_1_37' title="bbox 176 3965 1276 4037; baseline -0.004 -15"><span class='ocrx_word' id='word_1_339' title='bbox 176 3971 280 4037; x_wconf 89' lang='lat' dir='ltr'><strong>nequit,</strong></span> <span class='ocrx_word' id='word_1_340' title='bbox 300 3985 392 4020; x_wconf 87' lang='lat' dir='ltr'><strong>verum</strong></span> <span class='ocrx_word' id='word_1_341' title='bbox 411 3970 586 4037; x_wconf 85' lang='lat' dir='ltr'><strong>cogitatione,</strong></span> <span class='ocrx_word' id='word_1_342' title='bbox 605 3971 701 4036; x_wconf 91' lang='lat' dir='ltr'><strong>lapidis</strong></span> <span class='ocrx_word' id='word_1_343' title='bbox 722 3977 767 4022; x_wconf 88' lang='lat' dir='ltr'><strong>aut</strong></span> <span class='ocrx_word' id='word_1_344' title='bbox 785 3970 857 4020; x_wconf 88' lang='lat' dir='ltr'><strong>nivis</strong></span> <span class='ocrx_word' id='word_1_345' title='bbox 876 3969 970 4020; x_wconf 87' lang='lat' dir='ltr'><strong>insitas</strong></span> <span class='ocrx_word' id='word_1_346' title='bbox 991 3967 1151 4036; x_wconf 89' lang='lat' dir='ltr'><strong>qualitates,</strong></span> <span class='ocrx_word' id='word_1_347' title='bbox 1170 3965 1276 4018; x_wconf 89' lang='lat' dir='ltr'><strong>albedi-</strong></span> 
     </span>
     <span class='ocr_line' id='line_1_38' title="bbox 176 4035 1275 4110; baseline -0.006 -16"><span class='ocrx_word' id='word_1_348' title='bbox 176 4057 253 4104; x_wconf 87' lang='lat' dir='ltr'><strong>nem,</strong></span> <span class='ocrx_word' id='word_1_349' title='bbox 274 4039 422 4107; x_wconf 83' lang='lat' dir='ltr'><strong>frigorem,</strong></span> <span class='ocrx_word' id='word_1_350' title='bbox 449 4055 574 4110; x_wconf 86' lang='lat' dir='ltr'><strong>uxorem,</strong></span> <span class='ocrx_word' id='word_1_351' title='bbox 594 4042 648 4092; x_wconf 87' lang='lat' dir='ltr'><strong>talc</strong></span> <span class='ocrx_word' id='word_1_352' title='bbox 667 4042 809 4108; x_wconf 85' lang='lat' dir='ltr'><strong>quiddam,</strong></span> <span class='ocrx_word' id='word_1_353' title='bbox 829 4048 901 4091; x_wconf 88' lang='lat' dir='ltr'><strong>esset</strong></span> <span class='ocrx_word' id='word_1_354' title='bbox 927 4039 1050 4090; x_wconf 87' lang='lat' dir='ltr'><strong>relictum</strong></span> <span class='ocrx_word' id='word_1_355' title='bbox 1070 4040 1178 4091; x_wconf 88' lang='lat' dir='ltr'><strong>omnino</strong></span> <span class='ocrx_word' id='word_1_356' title='bbox 1197 4035 1275 4090; x_wconf 88' lang='lat' dir='ltr'><strong>nihil.</strong></span> 
     </span>
    </p>

    <p class='ocr_par' dir='ltr' id='par_1_22' title="bbox 137 4077 1276 4238">
     <span class='ocr_line' id='line_1_39' title="bbox 137 4077 1276 4180; baseline -0.004 -16"><span class='ocrx_word' id='word_1_357' title='bbox 137 4151 139 4156; x_wconf 84' lang='lat'>-</span> <span class='ocrx_word' id='word_1_358' title='bbox 175 4113 245 4166; x_wconf 91' lang='lat' dir='ltr'><strong>nihil</strong></span> <span class='ocrx_word' id='word_1_359' title='bbox 263 4120 350 4164; x_wconf 81' lang='lat' dir='ltr'><strong>autem</strong></span> <span class='ocrx_word' id='word_1_360' title='bbox 371 4127 418 4178; x_wconf 89' lang='lat' dir='ltr'><strong>per</strong></span> <span class='ocrx_word' id='word_1_361' title='bbox 434 4128 464 4163; x_wconf 91' lang='lat' dir='ltr'><strong>se</strong></span> <span class='ocrx_word' id='word_1_362' title='bbox 478 4077 610 4180; x_wconf 85' lang='lat' dir='ltr'><strong>quomddo</strong></span> <span class='ocrx_word' id='word_1_363' title='bbox 630 4111 746 4164; x_wconf 79' lang='lat' dir='ltr'><strong>existat?</strong></span> <span class='ocrx_word' id='word_1_364' title='bbox 783 4104 879 4179; x_wconf 88' lang='lat' dir='ltr'><strong>quod&#39;</strong></span> <span class='ocrx_word' id='word_1_365' title='bbox 872 4127 900 4162; x_wconf 87' lang='grc' dir='ltr'><strong><em>ια</em></strong></span> <span class='ocrx_word' id='word_1_366' title='bbox 912 4111 1044 4164; x_wconf 88' lang='lat' dir='ltr'><strong>similibus</strong></span> <span class='ocrx_word' id='word_1_367' title='bbox 1061 4110 1160 4179; x_wconf 87' lang='lat' dir='ltr'><strong>ubique</strong></span> <span class='ocrx_word' id='word_1_368' title='bbox 1179 4121 1276 4163; x_wconf 86' lang='lat' dir='ltr'><strong>essen-</strong></span> 
     </span>
     <span class='ocr_line' id='line_1_40' title="bbox 175 4184 463 4238; baseline -0.004 -1"><span class='ocrx_word' id='word_1_369' title='bbox 175 4187 220 4238; x_wconf 92' lang='lat' dir='ltr'><strong>tiis</strong></span> <span class='ocrx_word' id='word_1_370' title='bbox 241 4184 311 4236; x_wconf 91' lang='lat' dir='ltr'><strong>idem</strong></span> <span class='ocrx_word' id='word_1_371' title='bbox 330 4185 463 4236; x_wconf 85' lang='lat' dir='ltr'><strong>invenies.</strong></span> 
     </span>
    </p>
   </div>
   <div class='ocr_carea' id='block_1_4' title="bbox 175 4279 1278 4428">
    <p class='ocr_par' dir='ltr' id='par_1_23' title="bbox 175 4279 1278 4428">
     <span class='ocr_line' id='line_1_41' title="bbox 277 4279 1274 4350; baseline -0.008 -16"><span class='ocrx_word' id='word_1_372' title='bbox 277 4281 356 4334; x_wconf 87' lang='lat' dir='ltr'><strong>Potes</strong></span> <span class='ocrx_word' id='word_1_373' title='bbox 374 4281 466 4350; x_wconf 83' lang='lat' dir='ltr'><strong>igitur,</strong></span> <span class='ocrx_word' id='word_1_374' title='bbox 487 4283 648 4334; x_wconf 85' lang='lat' dir='ltr'><strong>amicissime</strong></span> <span class='ocrx_word' id='word_1_375' title='bbox 666 4280 840 4347; x_wconf 86' lang='lat' dir='ltr'><strong>Theotime,&#39;</strong></span> <span class='ocrx_word' id='word_1_376' title='bbox 832 4299 860 4333; x_wconf 89' lang='lat' dir='ltr'><strong>ra</strong></span> <span class='ocrx_word' id='word_1_377' title='bbox 878 4282 970 4350; x_wconf 89' lang='lat' dir='ltr'><strong>paneis</strong></span> <span class='ocrx_word' id='word_1_378' title='bbox 979 4279 1241 4334; x_wconf 81' lang='lat' dir='ltr'><strong>riderel‘alamas&#39;</strong></span> <span class='ocrx_word' id='word_1_379' title='bbox 1233 4293 1274 4329; x_wconf 87' lang='lat' dir='ltr'><strong>rr.</strong></span> 
     </span>
     <span class='ocr_line' id='line_1_42' title="bbox 175 4352 1278 4428; baseline 0 -20"><span class='ocrx_word' id='word_1_380' title='bbox 175 4353 317 4424; x_wconf 72' lang='lat' dir='ltr'><strong>regulares</strong></span> <span class='ocrx_word' id='word_1_381' title='bbox 336 4361 364 4406; x_wconf 90' lang='lat' dir='ltr'><strong>st</strong></span> <span class='ocrx_word' id='word_1_382' title='bbox 383 4353 416 4408; x_wconf 84' lang='lat' dir='ltr'><strong>sb</strong></span> <span class='ocrx_word' id='word_1_383' title='bbox 437 4355 509 4408; x_wconf 85' lang='lat' dir='ltr'><strong>omni</strong></span> <span class='ocrx_word' id='word_1_384' title='bbox 527 4353 623 4428; x_wconf 78' lang='lat' dir='ltr'><strong>regula</strong></span> <span class='ocrx_word' id='word_1_385' title='bbox 633 4361 749 4410; x_wconf 85' lang='lat' dir='ltr'><strong>remotas</strong></span> <span class='ocrx_word' id='word_1_386' title='bbox 767 4354 918 4427; x_wconf 70' lang='lat' dir='ltr'><strong>repulisset</strong></span> <span class='ocrx_word' id='word_1_387' title='bbox 933 4354 1039 4409; x_wconf 76' lang='lat' dir='ltr'><strong>infirma</strong></span> <span class='ocrx_word' id='word_1_388' title='bbox 1058 4352 1229 4408; x_wconf 76' lang='lat' dir='ltr'><strong>fundamenta</strong></span> <span class='ocrx_word' id='word_1_389' title='bbox 1244 4355 1278 4422; x_wconf 77' lang='lat' dir='ltr'><strong>ct</strong></span> 
     </span>
    </p>
   </div>
   <div class='ocr_carea' id='block_1_5' title="bbox 0 0 1596 5100">
    <p class='ocr_par' dir='ltr' id='par_1_24' title="bbox 0 0 1596 5100">
     <span class='ocr_line' id='line_1_43' title="bbox 0 0 1596 5100; baseline 0 0"><span class='ocrx_word' id='word_1_390' title='bbox 0 0 1596 5100; x_wconf 95' lang='lat' dir='ltr'><strong> </strong></span> 
     </span>
    </p>
   </div>
  </div>
 </body>
</html>
