3184 5100
261 399 485 470 ursmarus
512 395 772 468 armatura
792 402 903 471 xnus.
926 386 1111 474 to-ta.
1210 401 1258 472 tt
1289 375 1296 383 ’

153 569 280 646 ψυχαῖς
300 562 356 630 καί
383 563 491 638 adroic
521 558 662 645 πόμασι.
706 564 797 628 ταῦτ’
823 564 949 631 α’κοόων
977 563 1167 650 όβασιλεός
1187 583 1324 637 και-ιι

156 661 239 748 ρίαν,
262 663 370 751 φησίν,
392 663 517 743 ένόμιζε
539 666 692 746 δέχεσθαι
715 663 793 730 aurci
815 668 868 750 τῆς
899 670 1033 753 ναρδιάς
1052 663 1183 752 πληγήν,
1205 670 1262 734 καί

153 768 369 851 μεμελέτηκεν
390 765 458 828 ἄνι’
483 759 582 830 ἄλλον
606 764 790 850 φαρμάκου,
811 766 863 830 τόν
880 791 913 832 τε
931 767 1175 852 Ἀλεξανδρείας
1196 793 1261 834 πα-

154 867 314 950 τριόρχην
341 870 395 930 καί
417 859 486 945 όμα
509 865 565 930 τόν
588 869 644 950 τῆς
661 865 857 949 Ἀντιοχείας
871 870 986 953 διόροις
1008 872 1186 951 περιελθών
1206 870 1262 936 καί

130 959 339 1050 ὅπόρρωθεν,
367 967 605 1053 ένδημησαντας
624 1025 625 1032 ,
641 970 765 1032 πείθειν
803 970 962 1033 ἐνταυθοῖ
988 974 1168 1036 συνθέσθαι
1195 979 1261 1048 τοῖς

154 1067 238 1140 νέοις
258 1069 313 1130 καί
330 1068 528 1151 παρανόμοις
543 1067 661 1151 τόμους,
684 1067 739 1133 κατ’
755 1064 1005 1154 όπογρόψαντας
1020 1062 1101 1135 εἶναι
1117 1070 1173 1139 καί
1198 1075 1259 1137 αό-

153 1165 231 1244 τοός
256 1171 314 1232 τοῦ
341 1171 455 1234 lomoni
475 1192 509 1250 γε
532 1164 741 1256 όμόφρσνας,
773 1171 806 1245 ές
833 1167 867 1235 τό
890 1172 955 1235 τοῖν
983 1172 1111 1257 τρόπων
1131 1174 1259 1238 έκείνων

153 1265 282 1333 α’πιόοόν
303 1272 359 1334 καί
378 1267 545 1353 θαρρήσας
568 1268 690 1335 όπλοόν
714 1272 770 1336 καί
788 1268 822 1335 τό
843 1272 906 1335 τοῖν
920 1276 1088 1359 γραφικόν
1107 1273 1259 1354 μεθόδων

153 1371 327 1453 όποίκιλον,
350 1371 406 1436 καί
425 1369 598 1456 καθολικην
621 1375 764 1437 ε’νταόθα
785 1371 821 1437 τό
843 1372 1097 1459 μερικόνόκείνο
1119 1379 1175 1441 καί
1197 1381 1257 1464 λη-

115 1467 285 1554 1οστρικόν
306 1469 475 1552 ὀνομάζειν
492 1469 577 1554 ἔχειν
591 1465 652 1558 ἤδη
671 1455 838 1558 συνέδριον
847 1473 994 1558 ου’νοδον,
1015 1479 1072 1542 καί
1093 1472 1180 1543 odam
1200 1479 1258 1543 τοῦ
1324 1549 1328 1552 ,

153 1572 268 1634 λοιπαό
289 1576 351 1638 τοῖν
373 1572 594 1653 ὀνειδιζόντων
617 1585 831 1661 καταφρονεῖν
854 1577 896 1653 τός
926 1577 1091 1664 α’φρόνων,
1118 1581 1174 1644 καί
1191 1603 1258 1664 μη·

155 1673 245 1758 δαμῇ
266 1676 550 1758 καταπλήττεσθαι.
605 1669 687 1740 σ’ότω
716 1677 754 1762 τῇ
775 1669 893 1742 ἑαυτοῦ
922 1677 1080 1744 πιστεόων
1110 1678 1259 1746 εόθόνειν
1292 1734 1297 1742 ,

156 1767 284 1838 ἅπαντα
303 1771 428 1858 γνώσει,
449 1777 649 1841 παντάπασιν
673 1770 801 1858 ιῖμελοόν
823 1778 941 1864 όρᾶται
964 1783 1113 1863 προνοίας
1133 1783 1224 1845 θεοῦ.

249 1867 336 1960 Ἤδη
359 1879 394 1942 δὲ
412 1879 467 1942 τοό
490 1873 699 1962 φθινοποόρου
721 1882 796 1960 περί
826 1879 885 1956 τός
905 1884 964 1944 τοῦ
983 1877 1161 1965 όρκτοόρου
1184 1883 1323 1959 ἐπι-η

116 1973 250 2054 ἱὸτολός
272 1981 452 2060 γενομένου,
472 1976 582 2064 φήμης
604 1974 741 2064 ῥυείόης·
763 1977 807 2055 σός
829 1984 996 2046 Βενετικαί
1015 1981 1156 2065 τριήρεις
1175 1981 1258 2068 όπὲρ

155 2075 214 2154 τός
235 2069 348 2144 ἔνατόν
366 2076 420 2143 τόν
440 2079 549 2144 Ἰόνιον
581 2078 827 2172 παραλλόξαραι
849 2079 978 2164 κόλπον,
998 2085 1052 2147 καί
1068 2080 1102 2147 τό
1126 2084 1259 2167 Ἀδρια-
1296 2118 1299 2124 ’

154 2177 244 2244 τικόν
267 2182 302 2245 έν
324 2182 411 2269 δεξιᾷ
435 2187 695 2262 καταλελοιπυΐαι
716 2185 866 2268 πέλαγος,
898 2183 956 2260 τός
978 2189 1191 2270 Κερκυραίων
1206 2183 1262 2250 καί

155 2283 350 2346 Ζακυνθίων
372 2281 427 2346 καί
448 2285 716 2368 Πελοποννησίων
737 2289 958 2369 παραπλέουσι
986 2288 1115 2368 πόλεις,
1137 2292 1262 2364 ξενολο-

153 2383 322 2462 γσόσαίτε
352 2381 407 2447 καί
433 2384 495 2448 τόν
524 2385 646 2452 ε’κεῖθεν
678 2385 781 2470 ἀκμὴν
802 2388 855 2470 τῆς
884 2387 1019 2473 ἡλικίας,
1043 2383 1141 2473 ὁπόση
1160 2412 1262 2471 στρα-

111 2482 302 2566 έθτεόσιμος
322 2481 380 2573 εἴη,
399 2487 521 2568 μισθοό
535 2482 766 2572 στρατεύεσθαι
783 2492 956 2555 πείθουσαι
971 2488 1059 2573 μόλα
1076 2514 1106 2555 τι
1124 2492 1261 2576 βρίθον-

153 2607 207 2689 τος
232 2586 376 2669 (μεγέθει
398 2584 460 2669 γόρ
485 2579 565 2651 εἶναι
587 2590 737 2671 μεγίστας
767 2589 887 2666 ε’κείνας
910 2591 970 2667 τός
992 2594 1081 2672 ναός,
1101 2594 1158 2655 κατ’
1179 2596 1261 2675 πλη-

136 2685 303 2771 ιροόματος
334 2690 462 2796 δεῖσθαι
496 2689 645 2772 μείζονος
675 2686 910 2777 ἢτριακοσίων
938 2691 1075 2777 έκόστην
1095 2692 1260 2777 α’νδριόν),

155 3002 261 3055 infinita
279 3000 328 3054 illa
347 3004 479 3056 aestuaria
498 3004 615 3057 immersi
636 3005 792 3073 ingentibus
811 3005 957 3057 animarum
984 3013 1011 3057 et
1029 3019 1170 3074 corporum
1188 3020 1258 3058 nan.

156 3074 253 3143 fragiis
274 3074 461 3128 obruerentur.
488 3077 558 3144 quod
575 3092 654 3144 quum
668 3077 817 3129 audivisset
828 3077 983 3143 imperator,
1001 3078 1167 3131 mortiferam
1186 3078 1260 3132 cordi

156 3161 205 3197 suo
226 3144 332 3215 plagam
353 3146 478 3203 indictam
499 3155 571 3200 ratus
591 3164 638 3215 pro
666 3149 760 3217 quavis
788 3148 843 3201 alia
865 3148 998 3199 medicina
1015 3150 1214 3202 Alexandrinae
1233 3158 1260 3202 et

153 3218 318 3270 Antiochiae
350 3219 515 3285 patriarchas
539 3228 617 3271 antea
641 3222 693 3272 iam
722 3236 755 3271 ex
780 3221 928 3288 longinquo
958 3220 1034 3271 donis
1063 3222 1259 3273 circumventos

153 3297 265 3357 tumque
283 3288 328 3339 hio
347 3299 540 3343 commorantes
566 3306 598 3342 eo
619 3292 751 3344 adducere
769 3292 888 3357 studuit,
918 3300 948 3343 ut
964 3291 1044 3344 nouis
1065 3299 1092 3343 et
1110 3290 1259 3359 illegitimia

155 3362 235 3413 tomis
254 3360 452 3429 subscriptione
480 3361 633 3431 adstipulati
655 3364 682 3416 in
702 3364 818 3417 futurum
835 3379 926 3416 secum
944 3364 1013 3415 idem
1032 3363 1173 3428 sentirent,
1193 3377 1259 3430 spe.

154 3440 231 3484 ctans
252 3433 351 3501 quippe
370 3434 403 3485 ad
426 3450 528 3486 morum
553 3434 751 3502 simplicitatem
772 3444 800 3489 et
816 3435 944 3487 incallida
960 3437 1149 3503 incomptaque
1167 3450 1258 3486 eorum

154 3505 279 3557 doctrina
299 3505 393 3570 fretus,
412 3514 442 3557 ut
461 3506 624 3572 particulare
643 3507 710 3559 illud
729 3516 810 3576 atque
828 3507 1025 3574 plaedatorium
1045 3507 1187 3558 concilium
1207 3507 1259 3557 inm

156 3576 320 3629 catholicam
338 3578 635 3644 synodumnomiuare,
655 3580 705 3631 sibi
726 3578 874 3647 opprobria
893 3578 1023 3630 iacientes
1048 3579 1075 3628 in
1095 3579 1212 3629 futurum
1230 3586 1260 3629 ut

155 3648 265 3701 insanos
286 3658 459 3701 contemnere
477 3666 508 3700 ac
526 3650 603 3701 nullo
626 3660 703 3718 paeto
718 3649 871 3703 conturbari
891 3658 991 3717 posset.
1028 3652 1066 3700 ita
1083 3649 1160 3701 nulla
1178 3663 1259 3717 pror.

154 3718 328 3773 srrs'divinae
347 3722 534 3787 providentiae
555 3721 645 3773 habita
665 3724 769 3775 ratione
787 3737 836 3775 sna
859 3723 944 3789 ipsius
970 3722 1125 3790 cognitione
1143 3721 1259 3775 conlisus

155 3794 245 3844 omnia
261 3792 423 3845 moderatur.
485 3838 493 3853 ς

255 3890 420 3943 Λυσιιιιπτιοε
443 3903 509 3943 vero
538 3906 617 3958 qunm
645 3892 696 3943 iam
726 3894 798 3943 circa
816 3899 901 3943 ortum
918 3890 1025 3944 Arcturi
1051 3898 1123 3944 esset
1151 3905 1260 3943 rumore
1357 3893 1362 3919 r

156 3962 297 4027 disperso,
319 3962 436 4013 Venetas
462 3965 584 4015 triremes
611 3962 671 4029 plns
691 3972 796 4015 centum
822 3964 909 4015 sinum
928 3962 1030 4014 lonium
1048 3970 1259 4030 praetervectas,
1308 3961 1318 3974 ³

157 4034 223 4084 mari
243 4032 397 4085 Hadriatico
422 4036 516 4087 dextra
538 4032 634 4084 relicto
654 4036 687 4085 ad
715 4033 927 4101 Corcyraeorum
953 4042 980 4087 et
998 4034 1208 4103 Zacynthiorum
1227 4051 1260 4086 ne

156 4104 342 4173 Peloponnesi
360 4105 440 4157 urbes
459 4106 652 4173 adnavigantes
679 4106 778 4158 milites
804 4108 985 4158 mercenarios
1005 4114 1032 4157 et
1055 4108 1151 4159 aetatis
1168 4106 1259 4171 rebar,

157 4177 228 4243 qnod
247 4191 320 4227 arma
340 4176 412 4228 lerre
432 4185 541 4243 posset,
561 4178 623 4229 inde
644 4177 677 4227 ad
695 4178 861 4229 militandum
878 4179 1003 4230 mercede
1021 4179 1123 4246 ingenti
1144 4192 1260 4230 evocare

157 4251 256 4315 (naves
277 4250 350 4301 enim
366 4248 433 4299 illae
462 4257 537 4301 eraut
554 4250 699 4313 maximae,
728 4258 757 4301 ut
787 4248 912 4317 singulae
931 4266 1043 4303 numero
1061 4250 1163 4301 maiore
1182 4262 1260 4317 quam
1311 4273 1314 4277 ·

156 4325 328 4377 trecenorum
347 4320 485 4373 hominum
502 4318 680 4393 indigerent),
699 4336 784 4375 naves
800 4320 998 4390 speculatoriae
1017 4321 1112 4375 classis
1132 4320 1259 4376 (iernen.
