3184 5100
286 448 507 517 nissomss
535 443 901 514 smsmrmnxxs.
922 402 1110 517 tt-'ta
1187 430 1260 513 νου

161 607 271 695 ὥσπερ
301 609 342 678 σύ
378 610 559 694 διαβάλλεις
592 603 726 693 ύναίδην
756 613 982 694 conconvenit,-
1014 611 1260 695 χαρακτηρίζειν

159 718 222 794 μὲν
245 711 307 797 γύρ
330 712 535 797 α’κηκόαμεν,
567 713 734 797 διαφέρειν
765 712 794 774 δ’
813 712 943 799 ούδαμῆ
969 708 1023 787 τδν
1049 702 1261 793 θεῖονύνδρα

160 816 281 879 ἐκεῖνον
303 810 490 897 εύρίσκομεν
518 815 657 897 λέγοντα.
710 817 740 879 εἰ
769 815 805 877 δὲ
835 811 869 876 τὸ
898 816 1142 899 χαρακτηρίζειν
1163 812 1260 889 αύτδς

161 916 238 980 α’ντί
258 918 314 979 τοῦ
330 916 497 1000 διαφέρειν
520 909 703 997 λαμβύνεις,
718 909 786 999 ιύρα
808 938 858 979 σοι
873 912 983 979 λοιπύν
1005 913 1060 979 καί
1071 917 1262 999 χαρακτῆρα

132 1019 224 1107 dccvi
245 1016 367 1099 πατρδς
396 1014 452 1079 τὸν
485 1012 554 1079 υἱὸν
586 1019 641 1100 τῆς
676 1020 803 1102 γραφῆς
834 1010 978 1081 ύκούοντι
1003 1013 1165 1100 λεγούσης,
1186 1012 1260 1080 α’νό·

162 1140 257 1199 μονον
278 1115 333 1181 τὸν
357 1114 427 1181 υἱὸν
445 1118 490 1205 apl
514 1120 613 1202 πατρί
633 1118 799 1203 κηρύττειν
823 1120 876 1181 καὶ
892 1113 1040 1181 α’νσύσιον
1063 1116 1118 1181 καί
1131 1118 1260 1203 σφόδρα

163 1212 323 1304 διύφορον
346 1217 402 1300 τῆν
423 1216 533 1303 φύσιν.
578 1221 649 1282 a'tt’
669 1217 713 1294 αἱς
731 1216 827 1301 -ἔοικε,
852 1215 886 1283 τύ
911 1213 1010 1304 φύσει
1032 1215 1128 1281 κακύν
1149 1218 1192 1293 αἷς
1212 1219 1262 1282 εί-

162 1328 255 1399 πεῖν,
289 1324 344 1383 κατ’
362 1318 399 1385 τὰ
430 1321 486 1404 τῆς
506 1321 650 1394 διανοίας
681 1313 766 1399 δνιαξ
793 1324 903 1404 καίρια
937 1317 1101 1403 νενοσηκὸς
1123 1318 1178 1383 καί
1198 1322 1262 1385 τοδν

162 1424 262 1484 θείων
284 1423 470 1506 ἐπισφαλῶς
493 1417 677 1505 ἀπερρωγὸς
700 1418 752 1485 διδ
776 1424 881 1485 ταύτα
904 1421 1078 1503 δογμάτων,
1091 1420 1194 1510 χρόνῳ
1204 1418 1276 1504 τῆν,

113 1522 151 1576 10
162 1518 228 1599 ἕξιν
250 1522 309 1584 ούκ
328 1513 368 1586 ύν
379 1523 446 1585 ποτ’
470 1515 718 1602 ἀποτρίψασθαι
739 1521 881 1602 δύναιτο,
904 1515 954 1585 δτι
974 1516 1017 1603 μῆ
1042 1522 1099 1585 καί
1114 1518 1170 1606 τῆν
1190 1518 1264 1589 ἔσθ’

163 1616 219 1686 ὅτε
239 1623 299 1688 τού
327 1624 426 1686 καλοῦ
457 1624 665 1707 προσποίησιν
694 1622 829 1705 ια’χιοτα
851 1624 1053 1709 ἀποσείεται,
1081 1622 1264 1705 πράγμασιν

163 1721 276 1796 αύτοῑς
299 1719 528 1806 ἐλεγχόμενον,
553 1722 830 1808 παλινδρομούσης
867 1712 921 1809 τῆς
955 1721 1084 1810 φύσεως
1105 1723 1160 1789 καί
1180 1725 1261 1791 oisc·

162 1823 389 1907 λαμβανούσης
413 1826 447 1888 ἐκ
468 1827 526 1889 τοῦ
557 1819 677 1911 ῥᾴστου
700 1821 733 1889 τύ
762 1827 900 1910 γνῆσιον.
945 1826 999 1889 καί
1019 1821 1061 1889 σύ
1079 1848 1113 1908 γε
1143 1824 1208 1911 μῆν
1229 1827 1326 1895 a’uss
1387 1862 1390 1867 ·

163 1926 224 2005 μὲν
253 1925 297 2010 τῆν
325 1923 486 2011 γραφικύς
515 1930 694 2010 μαρτυρίας
730 1932 977 2011 προσποιεῖσθαι
1015 1926 1171 2007 κομίζειν,
1202 1927 1262 2009 ούχ

116 2038 153 2091 15
165 2026 262 2110 ύγαύς
284 2028 313 2090 δ’
335 2020 404 2109 οὖν,
423 2023 481 2111 τῆν
497 2024 737 2125 αύτύςησαυτού
756 2051 791 2111 γε
814 2028 958 2109 α’μαθίαν
978 2023 1262 2111 ἓκιύνᾶξελέγχεις,

164 2129 199 2191 ἐν
225 2129 260 2191 δὲ
282 2131 325 2217 τῷ
353 2129 408 2191 καί
430 2126 511 2211 πρύς
542 2130 706 2215 ἐπισφαλῆ
733 2132 788 2193 καί
817 2130 958 2213 δυσσεβῆ
989 2124 1132 2193 διάνοιαν
1162 2124 1263 2204 edri<

165 2231 373 2315 διαστρέφειν
401 2225 459 2313 τῆν
495 2230 612 2293 οἰκείαν
644 2228 689 2295 ἔτι
722 2227 903 2315 δεατρίζιις
932 2227 1107 2295 κακόνοιαν.
1160 2227 1264 2295 ου’κὲιι

161 2328 225 2415 γύρ
255 2331 434 2412 ἀνέλεγκτον
466 2331 498 2405 ἐς
517 2331 555 2393 τύ
578 2353 612 2413 γε
636 2334 695 2417 τῆς
725 2335 835 2415 ψυχῆς
859 2329 1021 2415 μυσῆτρια
1054 2329 1268 2414 καθευδῆσειν

164 2434 326 2511 ε’λπίζεται
347 2430 382 2495 τὸ
402 2436 455 2517 τῆς
477 2434 589 2509 κακίας
612 2430 793 2519 α’πόρρητον
815 2421 909 2517 ύγος·
934 2430 1103 2518 ἐξερρύηκε
1125 2429 1186 2517 γδρ
1210 2433 1268 2496 καί

112 2530 152 2585 2⁰
165 2536 407 2622 διαπεφοίτηκεν
428 2538 460 2611 ίς
474 2530 565 2621 ῆλίου
582 2532 683 2616 αύγύς
704 2537 758 2600 καί
780 2528 848 2617 ύμα
871 2536 902 2612 ἐς
915 2536 1059 2618 μυκτῆρα
1074 2530 1128 2598 κατ’
1141 2610 1143 2614 Ι
1146 2527 1265 2618 χλεύην

164 2629 308 2719 θεύτρου
342 2633 462 2720 μεστῆν
486 2638 636 2719 κωμικοῦ.
691 2639 745 2701 κατ’
766 2634 805 2722 ῆν
829 2640 889 2720 μὲν
913 2639 1041 2714 ἐδίωκες
1062 2632 1263 2708 α’πολιύλεκας

79 2732 80 2735 '
165 2734 263 2814 δόξαν
285 2733 366 2818 πρὸς
388 2730 520 2816 α’δοξίαν
536 2737 743 2823 μετενεγκών·
796 2731 843 2824 ῆν·
860 2740 889 2803 δ’
914 2737 1084 2812 ἐκύλυπτες
1109 2733 1265 2823 αἰσχύνην

103 3117 107 3128 ι
168 3086 358 3152 efficientiam,
383 3087 455 3139 sicut
476 3094 506 3139 tn
530 3086 598 3140 haec
622 3087 757 3157 pervertis
783 3089 951 3156 impudenter
970 3086 1148 3142 criminatus?
1167 3087 1265 3142 etenim

169 3158 299 3226 explicari
319 3159 426 3228 quidem
443 3167 563 3212 naturam
593 3159 626 3212 ab
646 3175 677 3212 ca
695 3161 861 3226 audivimus,
888 3159 995 3214 dillerrc
1014 3167 1101 3211 autem
1122 3174 1179 3211 cam
1197 3175 1265 3212 nus.

168 3246 248 3301 qnam
265 3231 416 3283 invenimus
435 3232 566 3282 dicentem
586 3231 661 3282 illum
684 3233 802 3284 divinum
823 3234 918 3283 virum.
956 3232 1008 3282 iam
1026 3231 1133 3282 verosi
1153 3239 1181 3282 tu
1203 3233 1265 3298 qui.

168 3305 229 3355 dcm
247 3298 321 3354 illam
339 3311 451 3353 naturae
476 3302 683 3370 explicationem
704 3318 753 3372 pro
773 3303 924 3354 differentia
945 3303 1064 3369 accipis,
1083 3300 1135 3352 iar'u
1159 3302 1266 3353 esttibi

168 3374 323 3442 reliquum,
348 3389 407 3426 eum
427 3374 517 3427 audias
537 3376 694 3442 scripturam
714 3376 846 3426 dicentem
876 3372 1081 3441 explicationem
1101 3375 1183 3440 patris
1206 3388 1265 3425 csse

168 3445 268 3516 lilium,
282 3452 310 3496 ut
329 3445 484 3498 dissimilem
504 3445 674 3513 filium-patri
695 3448 827 3512 enunties,
849 3447 963 3514 et.quod
984 3447 1015 3497 ad
1033 3454 1151 3496 naturam
1171 3445 1285 3496 attinet

169 3517 287 3569 essentia
306 3525 439 3568 carentem
459 3526 485 3568 et
506 3517 585 3569 valde
604 3519 748 3570 diversum.
785 3519 842 3582 sed,
864 3526 893 3569 ut
911 3519 1026 3582 videtur,
1047 3517 1117 3586 quod
1136 3532 1150 3567 a
1169 3523 1264 3568 natura

106 3592 112 3598 '
168 3603 280 3658 pravum
302 3597 351 3651 est,
369 3596 399 3639 ut
417 3590 454 3639 ita
473 3589 567 3653 dicam,
587 3598 614 3641 et
632 3590 716 3642 semel
734 3590 889 3657 periculoso
909 3590 1004 3640 mentis
1028 3588 1121 3640 morbo
1142 3588 1266 3638 allectum

170 3669 197 3712 et
214 3667 356 3728 propterea
385 3660 485 3711 divinis
504 3662 634 3728 dogmatis
645 3662 795 3727 'abruptum
817 3669 857 3712 cst
877 3663 904 3712 iu
925 3675 1058 3724 errorem,
1077 3669 1197 3726 tempore
1216 3659 1266 3710 dc.

170 3732 229 3784 lcrc
249 3730 365 3782 habitum
384 3731 453 3782 haud
473 3733 530 3783 scio
550 3747 583 3782 an
602 3748 734 3802 nunquam
751 3733 845 3798 possit,
864 3747 918 3784 nou
936 3734 1020 3800 magis
1039 3747 1115 3799 quam
1135 3731 1266 3782 interdum

159 3801 285 3854 ‚habitum
304 3801 410 3870 pulchri
439 3819 472 3853 ex
491 3805 568 3870 poesi
586 3803 691 3870 pellere
709 3810 816 3869 potest,
842 3803 982 3855 celerrime
1007 3803 1140 3855 decutitur
1159 3818 1188 3854 re
1209 3804 1267 3869 ipsa

170 3876 320 3939 detectum,
358 3890 416 3923 cum
436 3883 531 3925 natura
550 3877 643 3926 redeat
663 3883 689 3926 et
706 3876 821 3941 recipiat
845 3875 974 3926 facillime
992 3890 1154 3943 germanum.
1194 3883 1220 3926 et
1238 3883 1267 3925 tu

170 3946 275 4015 quidam
295 3945 443 3997 simulando
470 3954 498 3997 ta
516 3946 611 3997 afferre
636 3946 788 3997 testimonia
814 3948 928 4014 scripta,
954 3947 1047 3998 insane
1067 3947 1187 4015 quidem,
1208 3948 1266 4013 ipse

169 4017 308 4071 stultitiam
326 4024 397 4067 tuam
426 4016 497 4069 ultro
516 4017 635 4085 detegis,
663 4032 808 4086 quaecum
836 4021 914 4070 etiam
938 4019 965 4068 in
993 4019 1152 4070 sententiam
1171 4033 1267 4086 vagam

170 4097 198 4140 et
215 4089 321 4154 impiam
343 4097 499 4154 pervertas,
519 4089 569 4138 iam
588 4073 783 4155 improbitatum
800 4090 849 4141 tibi
864 4091 997 4156 propriam
1017 4089 1125 4158 publice
1145 4091 1266 4156 exponis.

168 4173 258 4228 neque
278 4159 348 4210 enim
367 4160 418 4209 iam
439 4160 552 4211 celatum
575 4161 645 4228 quod
664 4162 696 4212 ad
717 4162 798 4210 animi
822 4163 949 4227 mysteria
968 4163 1063 4213 attinet
1088 4177 1117 4214 se
1137 4163 1267 4214 dormitu-

169 4248 227 4282 rum
252 4239 342 4296 sperat
358 4232 500 4298 pravitatis
523 4231 612 4284 scelus
642 4240 783 4285 secretum.
832 4235 965 4286 emanavit
995 4234 1064 4284 cuim
1085 4242 1111 4284 et
1129 4233 1268 4299 divulgata

171 4311 213 4354 est
231 4303 260 4353 in
279 4301 346 4353 solis
364 4303 454 4354 radios
478 4303 612 4372 simulque
631 4305 658 4356 in
677 4303 819 4356 ludibrium
839 4311 866 4356 et
884 4304 1083 4357 cavillationem
1102 4304 1198 4356 theatri
1219 4315 1268 4352 co-

169 4375 232 4425 mici
254 4374 434 4441 frequentem,
455 4383 482 4425 et
501 4374 613 4442 gloriam
632 4393 709 4446 quam
727 4377 834 4444 assequi
852 4376 980 4431 studebas·
989 4375 1128 4444 perdidisti
1145 4380 1269 4430 mutatam
