3184 5100
886 237 899 267 Ι

337 344 387 468 θλ
640 397 863 467 atcataoat
896 392 1127 463 GREGORAE

338 562 425 624 οἴσδε
458 557 496 624 τά
530 555 574 642 μη
605 558 712 622 τοιάδε
740 556 799 638 την
835 553 894 638 orie
921 551 1018 636 άκοην
1040 550 1240 635 άποιιναίειν,
1261 554 1443 618 καὶταῦτα
1507 636 1508 641 ¹

337 663 392 724 νῦν
416 655 503 724 οὕτω
527 657 627 742 λάπης
648 655 772 741 ἔχοντος
795 650 915 740 άλλως,
946 648 999 718 ὅτε
1018 654 1160 735 μάλιστα
1181 651 1306 717 πάντων
1329 647 1443 720 ἅπαντ’
1507 692 1508 703 1

339 764 442 826 ἐκεῖνα
465 758 591 842 μνήμης
619 756 743 843 άπάσης
768 749 884 822 άπισθε
914 759 1078 819 ποιεῖσθαι
1106 753 1163 817 οάκ
1195 752 1281 818 ἔστιν
1303 748 1382 820 ὅθεν
1404 748 1445 819 σά
1507 832 1508 837 ¹

259 855 264 864 ’
340 865 397 926 καί
417 856 502 934 δ’πως
535 851 573 922 οδ
600 857 821 944 βεβούλημαι,
850 852 898 933 οἷς
922 855 1043 940 βάρους
1066 859 1248 923 ἐνέστακται
1276 854 1445 942 πρόφασις

339 961 574 1027 ὄπωσοῦνίιαί
605 959 749 1024 ὁθενοῦν.
802 962 860 1022 νῦν
886 961 916 1023 δ’
945 955 1056 1041 ἐπειδη
1087 957 1201 1038 σοίγε
1232 960 1324 1021 τοῦθ’
1352 954 1470 1042 ἧδιονῦ
1507 1030 1508 1035 ,

341 1065 462 1128 ἐκείνου
485 1065 589 1149 πολλῷ
610 1062 768 1142 μανθάνω
790 1062 905 1140 δοκεῖν,
929 1054 1065 1140 άσμενος
1088 1057 1175 1141 κάγά
1196 1056 1303 1122 λοιπὸν
1324 1061 1443 1124 αὐτίκα

338 1165 426 1246 μάλα
450 1160 506 1245 τὴν
526 1164 586 1244 σὴν
605 1164 659 1244 τῆς
675 1163 754 1244 ἐμῆς
776 1158 1016 1246 α’νθαιρησομαι
1039 1161 1204 1244 βούλησιν.
1247 1164 1304 1224 καί
1322 1163 1357 1226 τί
1376 1163 1442 1245 γάρ

338 1257 415 1328 ἄλλο
438 1265 499 1328 τάν
522 1254 635 1348 ’,ἄλλων
661 1261 780 1341 δόξειεν
809 1255 852 1326 αδ
891 1261 1173 1349 εέδαιμονέστερον
1201 1257 1308 1342 ἔμοιγε
1339 1256 1443 1346 νῦνῆ
1507 1332 1508 1339 η

337 1368 440 1445 σοίγε
462 1363 502 1427 τά
526 1365 658 1428 τοιαῦτα
682 1365 879 1446 χαρίζεσθαι
907 1366 968 1426 τάν
989 1358 1201 1446 διηγημάτων,
1224 1352 1270 1425 οἷν
1291 1363 1362 1442 ἐμοί
1381 1366 1443 1443 μὲν
1507 1402 1508 1447 3

338 1459 414 1550 ῥᾷον
437 1464 543 1544 ου’δέν,
564 1467 615 1526 σοι’
638 1465 672 1526 δέ
701 1468 824 1545 βέλτιον
850 1463 953 1528 οὐδέν.
1211 1500 1215 1508 ’
1454 1481 1488 1533 to

228 1593 232 1606 ·
302 1570 359 1622 4·
438 1563 531 1628 Ἀλλά
566 1562 666 1646 γάρὸ
700 1560 825 1646 ἑταῖρος
859 1563 935 1648 ἡμῖν
962 1551 1196 1646 Ἀγαθάγγελος
1222 1561 1358 1626 τοιαῦτα
1381 1562 1444 1640 μὲν
1507 1564 1508 1633 l

338 1663 418 1748 ὑπὲρ
435 1654 480 1728 οἷν
495 1666 689 1748 σεσιάπηιιεν
705 1662 950 1748 α’πολελόγηται,
973 1668 1108 1728 τοιαῦτα
1120 1664 1155 1725 δέ
1176 1661 1257 1744 ὑπὲρ
1279 1651 1323 1726 ὧν
1337 1665 1445 1745 φθέγ-

338 1767 419 1842 ξαιτ’
441 1758 481 1830 δν
511 1767 556 1840 είς
583 1764 711 1832 τοδπιὸν
741 1768 796 1849 τῆς
826 1766 1002 1848 διηγήσεως
1037 1765 1262 1846 ἐπηγγέλλετο,
1300 1765 1362 1825 τάν
1382 1764 1443 1842 μὲν
1507 1754 1508 1819 l

340 1869 499 1951 προτέρων
534 1863 653 1949 σμικρά
684 1865 962 1947 ἐπαναλαμβάνειν
996 1865 1048 1930 διά
1083 1863 1120 1930 τό
1143 1857 1206 1947 ἤδη
1227 1866 1379 1946 εἰρῆσθαι
1399 1860 1440 1926 τά
1507 1830 1508 1923 l

337 1972 447 2049 πλείω,
469 1975 534 2042 τοῖς
565 1971 592 2034 δ’
617 1971 743 2034 ἐπιοῦσι
765 1970 829 2032 τάν
859 1967 1036 2048 α’ναγιιαίοον
1062 1969 1170 2050 μηδενὶ
1190 1964 1444 2047 ὑπισχνούμενος
1454 1980 1487 2032 15

337 2072 556 2150 παραλείπειν.
604 2071 749 2152 ἐντυχεῖν
771 2073 831 2150 μὲν
853 2061 910 2132 σέν
938 2065 1024 2150 ἐλεγε
1058 2068 1110 2132 καί
1130 2071 1195 2132 τάν
1217 2068 1444 2151 μερικωτέρων

169 2245 176 2250 ,
338 2170 516 2236 ἐπισκόπων
551 2167 618 2235 ὅσοι
657 2173 729 2236 καθ’
759 2171 799 2246 ἃς
832 2172 929 2245 αδτός
958 2168 1083 2258 περιῄει
1113 2168 1221 2251 ιιάμας
1250 2169 1305 2232 καί
1333 2167 1444 2241 πόλεις

212 2278 327 2338 attor.
337 2271 509 2353 ἐτύγχανον
526 2264 624 2347 ὄντες,
641 2259 785 2354 ἐντυχεέν
803 2275 838 2336 δὲ
852 2273 876 2312 ”
885 2273 1025 2352 μάλιστα
1037 2267 1075 2354 δη
1089 2265 1306 2353 πατριάρχαις
1321 2271 1443 2348 αὐτοῖς,

339 2373 369 2436 Γ
369 2371 506 2459 ρηγσρίῳ
529 2395 563 2435 τε
590 2370 708 2455 δηλαδή
743 2375 785 2460 τῷ
807 2372 1044 2456 Ἀλεξανδρείας
1073 2370 1127 2436 καί
1157 2371 1291 2460 Ἰγνατίρι
1312 2371 1443 2435 Ἀντιο-

337 2477 460 2555 χειάς,Ι
474 2476 527 2536 καί
549 2475 643 2562 τρίτῳ
675 2469 708 2548 ,ὃς
728 2476 802 2557 πρίν
825 2467 845 2558 ἢ
870 2471 1027 2557 Λάζαρον
1047 2477 1136 2556 τῆτες
1163 2476 1264 2538 ἐκεῖσε
1286 2474 1485 2559 άφῖχθαι,λθ
1507 2486 1508 2497 ’

339 2572 394 2637 τόν
417 2574 653 2659 ποτριαρχιιιόν
670 2573 896 2658 Ἱεροσολύμων
919 2578 1020 2639 διεῖπε
1042 2571 1178 2658 θρόνον·
1200 2573 1235 2639 τὸ
1257 2576 1316 2660 γάρ
1337 2580 1390 2639 τοί
1406 2600 1442 2657 γε

339 2664 438 2755 ὄνομα
462 2675 604 2759 ἐλελήθει
624 2700 667 2759 με
689 2681 745 2741 τοῦ
766 2673 894 2762 α’νδρός.
919 2674 1062 2761 ἐντυχεῖν
1089 2680 1118 2741 δ’
1139 2668 1197 2742 oris
1216 2678 1249 2741 ἐν
1271 2672 1442 2762 διαφόροις

336 2977 412 3033 tione
433 2995 567 3049 exponere
587 2980 666 3036 valde
685 2982 788 3037 veritus
809 2983 869 3049 sim,
886 2982 1190 3038 nedirerearumrernm
1209 2982 1442 3058 conglutinatione

288 3096 294 3109 ,
337 3061 396 3104 tuas
417 3068 496 3105 aures
515 3054 698 3120 obtunderem,
1152 3055 1200 3107 ubi
1219 3072 1297 3125 quam
1315 3059 1441 3122 maxime,

339 3124 517 3193 quodeunque
535 3126 580 3178 rel
599 3126 724 3177 minimae
748 3126 890 3179 molestiae
914 3143 1074 3197 quacunque
1094 3144 1226 3181 excausa
1246 3128 1369 3180 efficiens
1381 3146 1442 3181 esse

338 3204 440 3265 posset,
460 3194 486 3246 id
507 3196 539 3249 ab
558 3199 628 3247 omni
650 3200 901 3249 commemoratione
920 3200 1065 3267 seiungere
1083 3215 1137 3251 nou
1156 3200 1230 3267 potui
1249 3215 1303 3251 non
1322 3201 1351 3251 in
1378 3203 1442 3251 ani.

336 3268 406 3317 m'um
426 3267 562 3319 inducere.
599 3284 669 3319 nunc
689 3284 754 3319 vero
774 3285 853 3336 quum
871 3268 920 3321 tibi
938 3269 1022 3321 multo
1041 3272 1141 3338 gratius
1160 3271 1211 3323 hac
1230 3272 1351 3336 ratione,
1363 3288 1442 3339 quam

341 3336 398 3403 illa,
419 3354 462 3390 res
482 3334 606 3391 enarrare
626 3340 711 3391 videri
732 3341 918 3407 cognoverim,
938 3340 1063 3393 lubenter
1081 3343 1366 3395 iamtuumcousilium
1379 3359 1441 3396 meo

338 3416 505 3475 anteponam.
550 3410 612 3479 quid
639 3412 706 3461 enim
736 3409 809 3461 aliud
828 3410 892 3461 mihi
907 3428 989 3468 ,nunc
1016 3416 1195 3479 praestantius
1221 3415 1306 3466 videri
1334 3424 1440 3481 potest,

338 3496 416 3548 quam
435 3481 503 3533 tales
522 3482 571 3533 tibi
589 3482 756 3532 narrationes
775 3497 940 3549 proponere,
960 3484 1055 3551 quibus
1074 3485 1143 3535 nihil
1163 3486 1228 3536 mihi
1246 3485 1370 3550 facilius,
1390 3486 1441 3537 tibi

335 3550 405 3602 nihil
423 3552 519 3605 melius
540 3560 588 3604 est.

435 3647 508 3701 llaec
527 3650 609 3717 igitur
629 3657 802 3718 posteaquam
819 3650 1024 3720 Agathaugelus
1052 3654 1152 3705 amicus
1178 3653 1283 3718 cleiis,
1311 3670 1381 3722 quae
1399 3656 1440 3707 ei.
1507 3701 1508 3736 η

336 3718 420 3771 leutio
434 3720 583 3784 transisset,
605 3722 637 3771 ad
656 3736 728 3773 suam
749 3720 931 3774 defensionem
950 3725 1125 3791 protulit,de
1144 3724 1177 3776 iis
1197 3740 1266 3792 quae
1284 3725 1439 3793 insequenti
1507 3749 1508 3794 η

335 3793 490 3843 narratione
509 3790 642 3843 relaturus
663 3801 750 3856 esset,
770 3794 908 3859 protessus
928 3803 984 3861 est,
1012 3812 1041 3847 se
1060 3811 1146 3863 pauca
1165 3804 1264 3847 tantum
1285 3811 1319 3847 ex
1337 3798 1439 3863 priori.

335 3864 384 3917 bus
404 3866 575 3929 recepturum
596 3877 656 3913 esse
675 3871 818 3931 propterea
838 3867 908 3933 quod
926 3868 1053 3919 maiorem
1075 3875 1176 3935 partem
1195 3868 1246 3918 iam
1258 3869 1438 3935 exposuisset,

335 3935 432 3986 deiude
453 3947 519 3985 vero
538 3932 616 3997 nihil,
643 3936 714 4002 quod
739 3938 920 3993 necessarium
949 3946 1042 4002 esset,
1068 3955 1098 3990 se
1121 3939 1280 3991 omissurum
1305 3943 1438 4005 promisit.

335 4006 497 4058 convenisse
519 4004 601 4071 igitur
622 4019 650 4055 se
678 4004 783 4058 dicebat
801 4016 910 4073 praeter
927 4009 1104 4076 particulares
1127 4011 1291 4077 episcopos,
1317 4027 1384 4079 quos
1411 4014 1439 4063 iu

335 4074 527 4144 singulisviois
549 4074 711 4147 urbibusque
732 4078 1072 4147 offendisset-praesertim
1082 4082 1155 4146 ipsos
1177 4080 1352 4148 patriarchas,
1370 4082 1439 4136 Gre-

335 4148 450 4216 gotium,
472 4146 647 4211 patriarcham
665 4148 860 4217 Alexandriae,
880 4153 1011 4221 lgnatium
1030 4151 1209 4217 Antiochiae,
1228 4153 1336 4205 tertium
1357 4170 1437 4218 eum,

337 4219 384 4286 qui
401 4214 598 4283 Hierosolymis
621 4220 826 4285 patriarchicum
846 4223 943 4277 solium
963 4223 1077 4275 obtinuit
1095 4222 1306 4289 anteLazarum,
1328 4227 1375 4295 qui
1387 4226 1437 4277 hoo

336 4300 405 4341 anno
425 4300 457 4339 eo
479 4290 570 4353 νοοίις
589 4302 685 4345 nomeu
699 4294 850 4347 autemriri
871 4311 913 4349 mo
932 4294 1009 4361 luqit.
1030 4295 1190 4347 convenisse
1208 4312 1238 4351 se
1256 4296 1339 4365 igitur
1357 4294 1438 4350 alium
