3184 5100
321 431 545 502 nrsnonms
571 429 831 501 assumimur
859 434 954 500 xxn.
987 419 1026 501 ti.
1057 419 1097 502 6.
1214 427 1256 499 rt

167 596 288 680 παρόντι
306 604 448 662 συνεῖναι
465 600 566 682 ζητεῖν
588 596 669 680 ἡδεῖ,
691 597 771 662 ἄλλό
794 595 827 662 τό
842 599 956 679 μέλλον
978 596 1262 682 πραγματεύεσθαι

165 698 332 782 χρήσιμον,
354 698 436 784 μηδὲ
459 695 513 764 διό
537 699 639 785 φόβον
657 709 723 774 τοῖς
745 702 904 786 παροόσιν
922 699 1081 784 ἡττᾶσθαι
1095 696 1260 781 desidente,

168 795 244 862 α’λλό
268 795 323 862 διὰ
348 796 404 884 την
436 799 597 885 τοῖληθοός
624 798 874 884 προβοληντοό
903 805 1004 864 κακοῦ
1040 798 1183 880 κολάζειν
1203 795 1262 881 τὴν

168 896 339 985 πρόφασιν,
362 897 437 963 ου’δὲ
459 896 494 964 τό
519 905 633 980 μίσους
648 893 744 980 -όξιον
769 903 815 976 εἰς
831 899 890 983 την
908 898 1021 983 χώραν
1044 902 1181 984 εἰσάγειν
1203 899 1263 962 rori

145 999 277 1082 enimv,
302 1001 369 1065 ἀλλ’
392 999 536 1066 detineri
556 1001 747 1083 βλάπτοντος
780 997 838 1085 τήν
865 1006 928 1068 τοῖν
948 1000 1120 1089 ιόφελίμιον
1143 1001 1263 1066 α’νθαι-

167 1105 291 1186 petebat
312 1103 503 1186 συνοίκησιν.
929 1166 934 1170 .
1057 1110 1060 1113 ’

254 1195 351 1286 ”Apu
382 1205 487 1268 τοίνυν
513 1201 567 1280 τός
599 1202 708 1290 ἠρινὰς
730 1207 789 1270 rori
818 1205 910 1289 ἡλίου
931 1202 1053 1286 τρυπός
1073 1199 1299 1286 παραλλότ-ςι
1360 1271 1364 1276 ,

165 1323 269 1378 τοντος
292 1303 369 1377 νεοός
393 1302 552 1386 ε’πιτσχτόν
582 1309 770 1381 ναυστολίας
798 1307 985 1390 ὡρμημένης
1015 1305 1066 1368 ἐπ’
1088 1301 1262 1386 Αἴγυπτον,

166 1398 297 1485 όσμενος
319 1402 420 1478 sidric
443 1405 522 1493 αὐτῇ
545 1409 653 1490 φέρων
675 1405 814 1484 ἐμαυτόν
841 1407 1021 1488 ένεβίβασα.
1062 1406 1119 1469 κατ’
1140 1407 1199 1485 μέν
1220 1407 1259 1488 έη

131 1526 158 1579 10
167 1496 301 1585 όραντος
322 1506 353 1578 ές
375 1503 434 1589 τὴν
454 1505 626 1589 ὑστεραίαν
656 1510 689 1571 ἐκ
711 1511 900 1589 Βυζαντίων
933 1510 1068 1587 λιμένων
1095 1501 1262 1587 ἑβδομαῖοι

166 1611 229 1678 τοῖς
248 1603 381 1700 εέζοέίανν
402 1609 619 1690 προσέσχομεν
640 1611 783 1689 λιμέσιν,
812 1606 891 1673 ἔνθα
912 1605 1033 1690 συχνός
1063 1603 1264 1692 διατετριφό.

166 1727 215 1779 τες
248 1703 372 1788 ἡμέρας
404 1707 521 1790 ου’ρίοιν
545 1711 649 1773 πνοοόν
671 1709 789 1800 ἀπορίη
819 1709 1003 1794 περιῄειμέν
1027 1731 1060 1772 τε
1081 1704 1264 1790 τηννῆσον,

168 1809 220 1869 καί
241 1806 481 1892 περιεργότερον
516 1800 594 1872 όόττοι
626 1802 667 1894 ἦν
693 1814 771 1887 θέας
793 1803 1068 1904 ἄξιανέθεοόμεθα.
1112 1809 1268 1872 κολοσσοό

167 1910 224 1988 μέν
247 1901 305 1972 οὖν
328 1910 446 1973 ἐκείνου
482 1920 634 1994 μνημεῖον
662 1913 755 1976 οὐδέν
775 1935 804 1976 τι
825 1896 1003 1990 ε’λέλειπτο,
1040 1911 1080 1972 ου’
1109 1909 1194 1989 μέντ’
1225 1901 1266 1971 όν

131 2027 158 2078 15
169 2011 237 2074 οὐδ’
260 2007 295 2074 εἴ
310 2029 384 2074 ποτε
406 2012 531 2095 γέγονεν
552 2005 638 2089 όσττς
660 2016 728 2076 ποτ’
757 2005 807 2096 ἄρ’
829 2006 870 2095 ἦν
891 2013 1016 2092 έκεϊνος,
1036 2010 1179 2075 εἰκασίαν
1199 2009 1267 2074 ddi-

168 2113 225 2174 doe
245 2111 333 2200 τινό·
379 2103 453 2176 οότε
484 2112 545 2198 γὰρ
574 2115 699 2196 χαλκοῦ
718 2114 830 2199 μόριον
860 2116 972 2194 ου’έέν,
1000 2114 1041 2176 ου’
1063 2110 1127 2198 μὴν
1147 2113 1217 2179 osid'
1237 2107 1272 2176 εἴ

166 2232 248 2286 τινες
272 2206 334 2276 εἶεν
355 2215 389 2278 έκ
411 2216 510 2279 λίθοιν
523 2216 630 2302 έκείνῳ
647 2217 808 2300 κρηπέέες,
832 2219 993 2280 ἐλέλειπτο
1013 2215 1165 2295 λείψανον
1183 2212 1267 2276 ποόν-

169 2335 228 2376 τιον
254 2311 355 2377 odito.
401 2313 521 2378 πόλεων
545 2316 580 2378 δὲ
601 2318 665 2379 τεόν
687 2312 784 2380 πόλοι
807 2314 845 2380 ut*
861 2319 921 2397 μέν
945 2321 1087 2396 σεισμοῖς
1110 2317 1266 2398 ἐκτριβεῖ-

167 2435 221 2477 ont
243 2415 433 2494 κατέδυσαν,
455 2406 499 2478 τόν
524 2414 542 2496 ἦ
566 2417 717 2497 καλλίστη
738 2409 847 2490 Ῥόδος
868 2408 907 2499 ἦν
931 2415 950 2497 ἦ
973 2417 1009 2502 τῇ
1030 2416 1113 2501 νησιρ
1136 2410 1266 2494 όμαόνν-

128 2529 236 2598 λομος,
258 2511 314 2579 καί
335 2523 452 2599 σημεῖα
472 2514 590 2581 τσότεον
615 2512 798 2594 ἐδείκνυσαν
819 2515 893 2601 ἡμῖν
914 2513 944 2582 oi
964 2511 1138 2599 όγχαόριοι·
1183 2512 1221 2577 ui
1237 2515 1267 2577 δ’
1334 2509 1341 2526 ⁴

168 2610 212 2677 ἔτι
231 2613 415 2693 σωζόμεναί
431 2638 464 2679 τε
486 2618 673 2697 διαμένουσι
689 2619 743 2680 καί
763 2615 911 2701 λαμπραί
931 2622 1083 2700 λαμπρῶς
1104 2608 1268 2699 έστηκυῖαι

168 2716 239 2782 εἰσί.
281 2714 401 2781 τοότιον
423 2718 453 2807 d’
477 2710 558 2781 εἶναι
581 2720 647 2782 κατ’
671 2714 809 2799 ἐμαυτόν
841 2714 983 2783 ἐνενόουν
1004 2716 1039 2782 όκ
1059 2715 1199 2802 σημείων
1220 2736 1267 2781 τι·

167 3042 231 3094 bere
253 3041 349 3107 debet,
368 3032 456 3110 neque
474 3056 535 3095 sese
563 3042 595 3093 ad
618 3058 704 3094 rerum
732 3042 909 3111 fortunaeque
929 3041 1114 3094 condicionem
1132 3040 1269 3109 applicare

169 3129 236 3181 quae
256 3114 331 3166 firmo
351 3114 463 3181 quodam
488 3114 658 3167 fundamento
685 3114 814 3182 indigeat,
842 3113 888 3165 ubi
909 3116 1066 3181 praesertim
1094 3114 1198 3165 animae
1216 3113 1269 3163 im.

169 3184 287 3237 mortalis
308 3200 380 3236 mors
399 3187 561 3253 sempiterna
580 3188 732 3249 imminest3
757 3201 813 3237 non
831 3194 998 3253 praesentem
1017 3193 1124 3252 oportet
1143 3200 1203 3236 eum
1216 3199 1269 3236 vo.

170 3256 296 3323 luptatem
316 3264 439 3323 captare,
467 3259 512 3311 sed
532 3274 650 3325 eaquae
674 3259 701 3309 in
722 3258 840 3309 futurum
857 3265 960 3323 tempus
979 3257 1056 3308 utilia
1077 3258 1129 3308 sint
1161 3270 1268 3317 curare3

170 3344 222 3379 non
249 3332 321 3380 nictu
350 3328 494 3381 mendaciis
524 3338 550 3380 et
577 3329 652 3381 ialsis
678 3328 850 3396 opinionibus
881 3328 1039 3396 indulgere,
1071 3328 1118 3380 sed
1146 3327 1267 3379 veritatis

170 3400 371 3469 propugnaculo
385 3401 560 3466 improbitatis
578 3416 684 3451 cansam
697 3401 863 3467 reprimere3
882 3414 936 3451 non
951 3398 1120 3452 detestabilia
1135 3406 1163 3449 et
1175 3398 1267 3449 odiosa

171 3470 332 3535 desiderare,
355 3472 402 3525 sed
420 3472 500 3524 rebus
521 3473 609 3524 noxiis
630 3488 718 3523 rerum
737 3471 892 3524 salutarium
905 3472 1103 3540 possessionem
1120 3470 1266 3538 praeferre.

269 3559 362 3613 Statim
388 3561 470 3628 igitur
498 3565 560 3627 post
585 3561 781 3627 aequinoctium
807 3576 917 3612 vernum
934 3575 1030 3611 narem
1054 3566 1147 3609 nactus
1164 3559 1192 3608 in
1209 3558 1267 3611 Ae.

169 3638 279 3697 gyptum
298 3630 477 3698 proiecturam
491 3631 594 3683 lubenti
613 3633 700 3693 auimo
719 3633 807 3685 statim
826 3633 979 3695 conscendi,
999 3639 1079 3696 atque
1097 3630 1203 3680 ancoris
1223 3630 1269 3680 in.

169 3703 294 3769 sequenti
322 3703 366 3754 die
391 3702 502 3755 sublatis
529 3720 562 3755 ex
582 3703 712 3770 portubus
734 3703 893 3769 Byzantinis
911 3705 954 3755 die
973 3702 1087 3767 septimo
1102 3701 1136 3752 ad
1148 3700 1270 3753 Rhodio-

168 3788 225 3823 rum
248 3782 342 3841 portus
362 3775 542 3841 pervenimus,
560 3776 606 3827 ubi
626 3783 766 3827 ventorum
794 3775 970 3827 secundorum
988 3773 1079 3839 inopia
1096 3771 1193 3824 multos
1213 3772 1271 3823 dies

168 3848 325 3897 commorati
343 3845 565 3912 perlustravimus
582 3846 694 3899 insulam
710 3860 809 3913 resque
827 3847 888 3898 visu
908 3846 1001 3913 dignas
1020 3844 1199 3910 adspeximus.
1221 3858 1271 3895 eo-

168 3916 234 3968 iossi
253 3917 415 3977 veroilh'us
435 3920 578 3987 vestigium
595 3918 714 3970 exstabat
727 3917 840 3981 nullum,
865 3920 997 3967 immone
1018 3916 1190 3967 coniecturae
1208 3916 1271 3983 qui.

166 3987 227 4041 dem
251 3988 329 4040 dabat
347 3988 453 4051 locum,
481 4006 544 4041 uum
571 4005 684 4058 unquam
710 3990 876 4052 exstitisset,
898 3988 1019 4057 quisquis
1044 3987 1092 4037 ille
1114 3988 1180 4049 iuit3
1196 3985 1271 4038 nulla

166 4061 239 4109 enim
257 4060 328 4111 ueris
348 4060 487 4126 particula,
509 4060 601 4111 nullae
620 4074 729 4128 prorsus
754 4067 830 4111 erant
850 4060 965 4127 lapidum
987 4059 1135 4126 reliquiae,
1156 4060 1179 4110 si
1202 4058 1271 4110 forte

165 4147 200 4181 ex
220 4131 255 4182 iis
277 4131 446 4183 fundamenta
466 4140 600 4185 exstructa
619 4134 733 4184 inerant.
775 4131 880 4183 urbium
899 4133 1064 4199 antiquarum
1092 4130 1163 4181 aliae
1182 4138 1271 4180 terrae

163 4201 283 4254 motibus
305 4202 459 4269 absumptae
487 4212 564 4255 erant
583 4212 663 4273 utque
686 4204 858 4267 submersae,
883 4218 991 4272 quarum
1015 4201 1195 4268 pulcherrima
1214 4207 1289 4251 erat.

163 4272 278 4325 Rhodus
297 4273 401 4325 insulae
420 4276 596 4343 cognominis,
613 4290 756 4343 earumque
768 4276 884 4343 vestigia
900 4276 978 4326 nobis
992 4274 1027 4325 ab
1045 4274 1178 4340 indigenis
1192 4285 1271 4321 τασα-

164 4343 336 4398 strabantur:
359 4345 429 4399 aliae
448 4357 537 4404 sutem
558 4348 644 4401 adhue
666 4354 789 4401 servatae
808 4355 869 4400 sunt
882 4356 962 4415 atque
981 4345 1136 4412 splendidae
1158 4347 1270 4403 emunt,
