3184 5100
329 375 409 461 uuo
633 360 856 464 ιυοοοοοοὶ
889 394 1118 467 οοοοοολο

332 571 414 658 πρός
432 574 586 663 θεωρίαν,
607 576 754 665 περιττόν
776 573 841 663 ἀρα
861 575 896 642 τό
917 582 973 643 soii
993 580 1135 645 θανάτου
1156 581 1354 669 μυστήριον,
1377 606 1445 649 πε-
1504 600 1505 645 i

333 672 437 759 ριττδν
460 676 496 741 δὲ
514 674 607 744 καλό
630 703 711 766 φησι
731 680 868 756 Παύλος
895 678 913 744 δ
932 684 1029 759 θεῖος,
1055 682 1121 747 δεῖν
1141 672 1188 748 τῶ
1201 684 1318 770 θνητὸν
1342 690 1442 751 τοῦτο

335 772 518 842 ἀθανασίαν
539 780 739 847 ἐνδύσασθαι
759 780 864 847 καίτδ
880 780 1028 868 φθαρτὸν
1051 781 1251 871 ἀφθαρσίαν,
1275 788 1333 852 καὶ
1355 788 1443 873 πρός

274 922 281 932 .
331 875 423 959 γετό
443 877 477 943 ἐν
490 880 599 946 ἐλπίσι
615 881 662 967 μή
679 882 891 966 βλεπομένοις
920 886 1051 949 κεῖσθαι
1070 883 1127 969 τήν
1150 884 1319 952 υἱοθεσίαν
1342 884 1443 971 ήμῶν

330 976 414 1059 μετὰ
431 979 488 1064 τήν
507 984 565 1045 τοῦ
592 981 738 1067 σώματος
766 983 996 1070 ἀπολύτρωσιν.
1047 986 1076 1049 εἰ
1104 984 1166 1070 γάρ
1187 985 1269 1068 μετὰ
1288 990 1348 1051 τοῦ
1368 998 1466 1052 σοι-5

330 1083 470 1162 ματιαοῶ
489 1085 616 1164 πάχους
635 1086 692 1150 καί
718 1088 775 1169 τῆς
803 1087 1002 1170 Παλαμικῆς
1032 1088 1213 1173 κραιπάλης
1230 1087 1287 1152 καὶ
1305 1092 1443 1175 τρυφῆς

331 1178 415 1265 ἐξείη
442 1184 499 1247 καὶ
527 1185 585 1248 τοῦ
611 1184 780 1268 μέλλοντος
810 1186 931 1251 ἐκείνου
952 1182 1066 1273 ’φωτός
1089 1185 1261 1251 ἀπολαύειν
1280 1190 1441 1264 ἐνταῦθα,

330 1279 367 1343 τί
383 1282 437 1344 δεῖ
454 1284 598 1349 θανάτου
620 1282 701 1369 πρὸς
723 1285 906 1351 ἀθανασίαν
921 1287 1153 1372 ἐπηγγελμένην
1169 1289 1360 1372 μετάγοντος
1381 1287 1442 1352 καὶ

333 1379 417 1465 ζωήν
440 1376 544 1448 ἀίδιόν
562 1406 599 1449 τε
619 1384 676 1450 καὶ
694 1381 873 1472 ἄφθαρτον,
894 1388 923 1451 εί
943 1386 1000 1451 ούκ
1022 1389 1068 1464 εἰς
1088 1386 1123 1452 τὸ
1144 1369 1270 1472 μέλλον,
1292 1386 1367 1453 οὔδ’
1391 1390 1442 1465 εἷς

332 1478 430 1558 ἀτάς
446 1483 529 1566 μετά
553 1486 698 1551 ’θάνατον
722 1487 867 1571 ταμιεύει
898 1488 1046 1566 ἐλπίδας,
1079 1488 1147 1553 ἀλλ’
1181 1486 1243 1555 ὅσα
1262 1487 1356 1574 γέμει
1377 1490 1479 1573 μένῑθ
1504 1484 1506 1621 A

329 1586 457 1670 τρυφῆς
477 1585 533 1651 καί
552 1590 714 1673 σαρκικῶν
727 1586 872 1674 ἀρδξεων,
888 1590 1058 1675 ἐρρῶσθαι
1076 1589 1111 1655 δέ
1125 1614 1194 1666 πως
1216 1589 1336 1676 φράζει
1354 1588 1442 1673 μετά

329 1686 394 1749 τῶν
414 1690 538 1770 σεμνῶν
559 1690 712 1767 ἐλπίδων,
744 1691 801 1755 καί
823 1686 857 1754 εἴ
879 1696 913 1755 τί
931 1713 993 1754 που
1015 1696 1086 1766 ταῖς
1114 1690 1276 1767 τοιαύταις
1298 1691 1441 1775 ἐπαγγε-

264 1782 416 1862 ίΙλίαις
438 1787 659 1874 ἐγκέκρυπται.
699 1789 761 1873 μία
781 1791 842 1873 μὲν
865 1784 921 1855 ούν
948 1787 1026 1875 αὕτη
1046 1791 1221 1866 κατάλυσις
1244 1789 1442 1875 αὐτόχρημα

331 1891 409 1952 καθ’
441 1887 548 1972 ἀμῶν,
578 1889 616 1955 ού
651 1895 778 1957 πολλῶν
811 1896 965 1977 δεηθεῖσα
992 1892 1112 1979 λόγων·
1164 1890 1310 1978 δεύτερον
1332 1894 1364 1956 δ’
1389 1888 1442 1956 ότι

331 1989 501 2067 Διονύσιος
521 1992 717 2078 θεοφάνειαν
729 1992 789 2075 μέν
803 2016 901 2079 φησιν
915 1990 1049 2080 δρατήν,
1072 1992 1108 2057 ού
1130 1994 1268 2077 θεότητα
1291 1994 1320 2056 δ’
1348 1988 1441 2057 ἅντι-
1452 2010 1479 2062 15

198 2090 284 2149 Ηδί
294 2093 322 2149 b·
332 2112 407 2155 στον
419 2089 553 2178 ἀραιήν·
574 2094 686 2181 πόρρω
700 2097 729 2160 δ’
743 2093 888 2179 ἀλλήλοιν
902 2090 1033 2181 ἀλληλα,
1049 2096 1106 2160 καί
1118 2094 1301 2179 διεστηκότα
1313 2096 1443 2177 μᾶλλον

331 2185 451 2287 ήδσον
472 2195 506 2257 ἐκ
527 2195 660 2277 δυσμῶν
672 2193 850 2276 ἀπέχουσιν
864 2195 1034 2262 ἀνατολαί·
1078 2196 1274 2282 θεοφανείας
1293 2194 1356 2277 μὲν
1376 2194 1442 2279 γὰρ
1506 2236 1507 2249 ι

334 2290 411 2376 ήμῖν
432 2290 553 2379 δρατδις
575 2296 755 2381 διαφόρους
773 2296 830 2361 καί
842 2298 992 2373 πλείστας
1010 2296 1176 2383 γεγονυίας
1197 2292 1444 2381 παραδιδόασιν

298 2447 302 2457 .
332 2389 366 2456 αἱ
386 2397 477 2457 θεῖαι
494 2394 551 2460 καί
563 2394 652 2479 δεραέ
667 2395 791 2478 βίβλοι,
818 2398 907 2462 καθὰ
921 2396 1083 2482 προϊόντες
1104 2398 1137 2473 ἐς
1160 2397 1278 2472 πλάτος
1300 2391 1444 2479 ἐκθήσο-

330 2516 404 2577 μεν·
449 2495 586 2583 θεότητα
608 2499 637 2563 δ’
662 2492 807 2564 οἴκτιστον
829 2498 911 2586 πλήν
926 2502 983 2586 τῆς
1003 2498 1257 2586 τρισυποστάιου
1280 2499 1361 2582 μιῶς
1385 2494 1482 2560 oni-2⁰

331 2595 405 2670 σίας
427 2595 532 2674 οάδείς
547 2622 597 2662 πα
611 2600 815 2685 τοπαράπαν
836 2597 949 2686 ἑτέρον
962 2596 1040 2686 ἀχρι
1061 2598 1117 2665 καί
1137 2599 1275 2686 τήμερον
1289 2592 1367 2663 οὔθ’
1385 2602 1443 2660 εὐ-
1507 2647 1508 2698 η

332 2719 386 2782 ρεν
401 2692 473 2765 οὔτε
486 2700 664 2786 λελάληκεν,
687 2696 758 2767 οὔτε
775 2701 840 2787 μήν
862 2701 929 2767 οὐδ’
952 2704 998 2779 εἰς
1011 2703 1086 2767 νοῦν
1106 2700 1268 2785 βαλέσθαι
1284 2700 1444 2783 τετόλμη-

331 2821 384 2863 κεν
406 2799 553 2891 εάσεβείηι
575 2802 858 2890 συντεθραμμένος
878 2802 961 2890 πλήν
980 2805 1248 2889 τῆςΠαλαμικῆς
1270 2801 1427 2888 φατρίας·
1507 2867 1508 2884 ,

331 3028 403 3098 qnod
419 3029 499 3083 dirus
517 3026 634 3083 Psulust
655 3037 782 3099 „oportet
799 3030 914 3084 mortulo
938 3030 991 3084 hoe
1014 3030 1128 3084 iuduere
1153 3025 1382 3082 immortalitatem
1414 3035 1444 3081 et

332 3099 510 3168 corruptibile
530 3100 584 3154 hoe
606 3101 719 3154 λούοιτο
743 3102 973 3170 incorruptionem
1001 3109 1028 3154 et
1051 3102 1079 3153 in
1100 3097 1345 3170 exspectationibus
1371 3114 1446 3167 quae

333 3186 389 3224 non
408 3172 535 3225 uidentur
553 3174 667 3240 positum
687 3189 748 3226 esse
765 3175 964 3240 adoptationem
983 3179 1101 3226 nostrum
1118 3179 1179 3241 post
1202 3170 1324 3238 corporis
1347 3169 1446 3222 dieso.

335 3243 496 3298 lutionem.”
534 3245 557 3296 si
576 3246 647 3296 enim
665 3253 727 3313 post
744 3260 901 3314 corporeum
919 3245 1097 3298 uibrstionem
1117 3251 1144 3296 et
1161 3241 1320 3295 Pulsmicnm
1339 3256 1446 3308 erupu-

234 3313 238 3320 “
333 3315 387 3368 ism
409 3323 437 3368 et
454 3313 588 3368 luxurium
606 3315 705 3369 liceret
725 3317 813 3370 futuru
831 3317 894 3369 luce
913 3315 960 3368 illu
979 3316 1050 3380 isui,
1078 3315 1141 3383 quid
1162 3329 1229 3382 opus
1255 3321 1328 3364 esset
1352 3320 1446 3364 morte

332 3401 403 3456 quse
420 3385 647 3440 immortulitstem
666 3389 812 3442 nuntistsm
837 3403 928 3440 secum
955 3387 1066 3440 duceret
1095 3394 1122 3438 et
1146 3387 1226 3438 vitum
1249 3385 1446 3451 sempiternam

333 3466 361 3512 et
378 3457 615 3523 indissolubilem,
634 3459 658 3510 si
678 3459 784 3526 quidem
802 3475 857 3512 non
875 3459 908 3512 ud
928 3458 1043 3512 futurum
1064 3465 1091 3510 et
1109 3458 1141 3510 ud
1155 3471 1229 3524 spem
1248 3461 1447 3522 postmortem

326 3530 499 3598 pertineret,
532 3527 579 3582 sed
605 3545 782 3598 quaecuuque
809 3531 988 3598 ingemiscunt
1009 3528 1115 3581 luxurie
1140 3537 1168 3580 et
1186 3525 1341 3579 lubidinibus
1362 3526 1447 3578 sevi.

332 3603 441 3654 viscere
460 3601 652 3668 quousnmodo
671 3601 724 3668 piis
743 3600 990 3668 exspectationibus
1008 3607 1035 3652 et
1054 3615 1123 3668 quoe
1142 3607 1282 3666 prseteres
1299 3598 1328 3648 in
1340 3595 1447 3649 talibus

332 3673 556 3740 promissionibus
569 3673 662 3726 insunt
681 3674 803 3725 sentiret.
840 3675 894 3724 uns
913 3673 997 3741 igitur
1008 3670 1076 3724 haee
1089 3669 1230 3723 dissolutio
1244 3669 1352 3720 omnino
1370 3669 1447 3735 quod

332 3759 383 3797 uos
402 3745 499 3796 attinet
516 3757 572 3796 non
592 3743 683 3796 multis
701 3751 777 3796 esset
795 3742 896 3795 uerbis.
933 3744 1031 3796 deinde
1053 3741 1199 3808 Dionysius
1218 3741 1262 3792 dei
1281 3739 1447 3790 manifesta.

333 3817 437 3868 tionem
457 3815 524 3867 dieis
544 3815 679 3868 uisibiiem
698 3830 753 3867 non
772 3829 839 3868 vero
865 3814 990 3866 deitstem
1015 3814 1160 3866 increatum
1179 3810 1329 3873 visibilem
1358 3824 1446 3876 porro

334 3886 391 3938 siis
411 3887 482 3938 inter
499 3902 561 3940 sese
579 3887 678 3939 distsut
697 3886 806 3955 longius
826 3901 903 3954 quum
928 3884 961 3936 sb
981 3885 1086 3938 oriente
1109 3884 1245 3935 occidens.
1281 3881 1447 3934 manifesta.

334 3958 425 4009 tiones
456 3959 526 4010 enim
556 3958 635 4012 nubis
661 3957 785 4010 risibiles
815 3965 842 4010 et
866 3957 954 4008 uarius
982 3964 1010 4008 ot
1027 3955 1156 4023 plurimus
1178 3955 1260 4006 iectus
1278 3952 1448 4014 tradiderunt

334 4027 406 4081 sscri
428 4035 457 4078 et
475 4028 560 4080 divini
578 4029 643 4082 iibri
672 4037 703 4080 ut
719 4037 815 4097 posten
837 4027 971 4080 uberrime
997 4041 1178 4094 exponemus,
1205 4025 1331 4078 deitatem
1353 4031 1447 4074 nutem

335 4098 483 4149 increatum
502 4107 610 4166 prseter
629 4116 708 4154 uuum
732 4102 813 4154 trium
841 4113 1015 4166 personarum
1045 4098 1189 4152 essentium
1218 4109 1297 4148 nemu
1327 4109 1448 4163 unquam

336 4167 450 4244 omnino⁸
466 4169 577 4223 sltessm
595 4187 681 4239 usque
698 4173 732 4225 sd
749 4172 822 4224 huno
840 4172 910 4222 dien
938 4178 985 4222 unt
1004 4169 1110 4222 invenit
1136 4177 1182 4220 τοι
1199 4151 1328 4235 protulit,
1350 4173 1400 4217 unt
1417 4167 1449 4219 in

336 4240 452 4292 ssimum
468 4242 598 4296 inducere
613 4257 694 4296 susus
713 4250 754 4297 est
772 4243 909 4310 impietate
931 4247 1077 4298 comnotus
1099 4247 1207 4308 Praeter
1219 4235 1381 4292 Pulsmiesm
1401 4237 1448 4291 is.

334 4309 445 4379 οοοο.
