3184 5100
276 406 785 514 nrsronrsusrztnrrnta
805 361 1000 481 ixvstt't.
1027 394 1097 479 88.
1203 405 1252 480 oe

150 576 324 658 παροῦσαν
345 574 499 642 όπόθεσιν
533 575 587 641 διδι
608 578 654 642 σί.
706 579 762 642 καί
792 579 964 664 φοβεῖσθαι
992 581 1053 659 μὲν
1076 573 1131 640 διό
1153 577 1254 641 ταῦτα

149 677 203 740 καί
225 672 344 742 στόσιν
366 675 548 762 δημοτικήν,
567 675 621 744 σοί
639 682 699 760 μὲν
713 678 841 764 οόδαμῇ
856 675 1088 761 προσήκουσαν,
1111 677 1152 740 ου’
1170 679 1255 758 μόλ-

148 769 203 840 λόν
226 799 265 860 γε
289 769 309 861 ή
329 776 408 852 τοός
435 779 582 856 λιθίνους
598 801 631 844 τε
657 776 714 843 καί
739 781 879 862 χαλκοῦς
910 777 1098 862 ἀνδριάντας
1129 774 1254 844 οἴκοθεν
1350 785 1365 817 ·’

149 881 339 961 κεκινῆσθαι
373 877 454 962 πρός
481 875 649 945 όπλα’καί
676 877 785 962 μα’χας
823 881 906 966 φαίη
928 900 978 954 τις
1008 871 1066 961 όν,
1094 880 1188 966 σφίσι
1218 879 1254 942 δδ

79 1000 81 1010 ⁴
123 975 238 1059 ομόλα
263 977 427 1062 δήπουθεν
454 979 677 1065 προσήκουσαν
700 985 887 1067 φοβείσθαι.
945 971 992 1054 οἷς
1011 976 1073 1064 χόρ
1095 976 1173 1063 ἔργα
1195 993 1319 1046 aru-⁸0

148 1084 221 1156 κίας
242 1075 347 1146 ἔπεισι
369 1081 474 1164 δροῖν,
505 1079 628 1158 τούτοις
656 1079 769 1168 δήμιος
799 1085 919 1173 χίντται
954 1079 1011 1145 καί
1038 1079 1253 1165 όπαραίτητσς

148 1176 308 1264 κολαστής
329 1179 346 1244 ό
378 1185 435 1246 rosi
456 1181 635 1260 συνειδότος
660 1185 791 1259 πέλεκυς
803 1229 814 1261 ,
836 1178 971 1267 ίχχόθεν
991 1176 1090 1256 όστοός
1110 1179 1167 1245 καί
1183 1205 1252 1262 μα-

148 1284 267 1360 στιζοιν
301 1281 405 1365 σύχνό
437 1280 494 1367 τήν
522 1279 634 1366 ψυχήν
662 1286 717 1349 καί
745 1282 866 1370 φόβους
897 1277 1039 1359 ἅπαντας
1066 1283 1108 1369 τῷ
1129 1305 1255 1370 φαντα-

147 1385 245 1472 στικῷ
267 1388 440 1467 προιιθιίς,
461 1384 504 1460 σός
529 1383 722 1450 όποπτεόειν
742 1387 796 1450 καί
816 1382 857 1451 τό
880 1385 1048 1450 ἀνύποπτα
1068 1388 1123 1450 καί
1136 1375 1174 1449 οό
1196 1384 1254 1448 oris

110 1504 138 1557 10
150 1477 187 1567 ήν
211 1485 313 1570 φόβος
346 1485 461 1564 οόδείς,
485 1484 570 1550 aaut
601 1484 678 1562 τοός
714 1483 862 1572 ἐρημίαις
892 1509 924 1551 τε
955 1489 1010 1552 καί
1042 1482 1200 1572 φόραχξιν
1220 1487 1253 1550 ἐν

148 1585 288 1672 α’φεγχεῖ
303 1609 335 1650 τε
357 1589 413 1652 καί
430 1588 548 1677 βαθείηι
569 1588 661 1652 νυκτί
678 1591 902 1670 πλανωμένους
922 1584 1058 1671 πόσχειν
1075 1585 1254 1669 συμβαίνοι·

146 1683 248 1768 βάτον
269 1686 330 1769 χόρ
351 1685 407 1751 καί
427 1691 544 1772 πίτρον
566 1687 621 1751 καί
648 1684 768 1774 φόλλον
792 1689 892 1773 δρυός
915 1677 1001 1777 αόρρ
1022 1691 1122 1774 λεπτή
1144 1685 1254 1752 κινοό-

146 1809 243 1867 μενον
272 1791 396 1874 ληστιδν
425 1788 480 1853 καί
508 1792 630 1874 θηρίων
652 1789 789 1876 ε’φόδους
818 1793 969 1874 ήχοόνται
992 1789 1048 1853 καί
1075 1791 1252 1874 φρίττουσι,

147 1890 270 1964 δειλίας
292 1885 417 1975 όπόσης
440 1891 548 1965 ον’τοῖς
570 1893 818 1976 περικεχυμένης
846 1887 1070 1972 ἁπανταχόθεν
1098 1890 1251 1969 ψευδοῦς.
1293 1895 1312 1941 :3

109 2003 137 2056 15
146 1985 212 2054 εἶσί
231 1989 261 2052 δ’
283 1985 316 2051 οἳ
335 1987 390 2053 καί
415 1993 504 2054 τοῦτ’
526 1987 607 2056 εἶναι
629 1977 810 2078 φόσκονσιν
831 1987 1009 2055 αἴτιοντοῦ
1034 2010 1070 2070 χι
1088 1986 1133 2072 μή
1154 1987 1252 2051 πλείω

146 2091 210 2153 τῶν
231 2091 329 2172 τριοόν
359 2091 487 2156 ε’κείνοον
521 2092 656 2210 θελήσαι
687 2095 822 2175 ποιησαι
855 2092 1008 2174 συνέδρια
1035 2088 1140 2174 σφοῖς,
1174 2088 1253 2171 μηδ’

147 2187 291 2267 ἐξετάσει
314 2193 428 2257 δοόναι
452 2194 596 2279 κανονικῇ
617 2193 821 2291 τάγκλήματα
843 2195 867 2233 ‘¹
888 2188 1023 2272 τοότου,
1043 2189 1096 2256 ἵνα
1118 2188 1163 2274 μή
1184 2195 1280 2265 coici.
1293 2188 1380 2263 noo.

148 2287 269 2356 όίπασιν
310 2293 438 2379 ἐμφανῆ
473 2296 528 2359 καί
553 2281 737 2418 ραφίστερόι
767 2289 1016 2379 καταστήσαντες
1048 2291 1127 2359 κατὰ
1156 2292 1251 2409 σφρόν

147 2393 255 2458 ατίτιδν
279 2392 494 2478 σ’νσστήσοοσι,
515 2395 571 2460 καί
589 2392 645 2472 σός
669 2393 865 2482 πεφόβηνται
898 2392 1021 2482 φόβους
1042 2398 1141 2480 πρίν,
1169 2389 1252 2458 πόν-

109 2503 209 2559 torma
230 2495 377 2581 φονῶσιν
397 2493 587 2582 ον’τόχρημα
615 2499 672 2563 νόν
692 2497 886 2619 αότρυρχοι,
910 2489 1027 2562 καθ’
1013 2498 1138 2562 εαυτοόν
1160 2491 1254 2560 αότοί

146 2596 387 2678 καθιστάμενοι.
420 2593 469 2663 ἔτι
501 2601 537 2663 δὲ
568 2602 623 2664 καί
644 2603 703 2663 τοό
725 2598 768 2683 μή
799 2604 898 2666 πᾶσιν
918 2602 966 2663 επ’
992 2596 1063 2683 ἴσης
1088 2602 1128 2664 δι’
1152 2589 1249 2679 όχλου

145 2702 297 2781 γενέσθαι
317 2706 382 2777 τοῖς
403 2700 578 2776 σίντιθίτσις
599 2695 872 2785 αδτοόςμοόί
839 2725 920 2767 ειναι
935 2698 1115 2787 φάσκουσιν
1135 2695 1249 2783 αἴτιον,
1347 2772 1350 2778 .

145 2797 198 2864 ίνοι
224 2798 265 2884 δή
287 2795 333 2883 μή
354 2802 553 2887 φωραθιόσιν
573 2796 717 2881 ἅπαντας
738 2808 919 2889 κεκτημένοι
942 2800 1060 2887 σχεδόν
1079 2800 1250 2884 πολεμίους

146 3054 179 3109 lis
201 3055 339 3107 exoriatur
357 3054 464 3121 seditio,
484 3056 529 3125 qui
549 3055 654 3126 quidem
672 3064 758 3111 metus
778 3057 812 3109 ud
830 3065 858 3109 te
883 3056 973 3110 hund
984 3058 1069 3128 magis
1099 3056 1244 3127 pertinent,

146 3142 226 3195 quam
245 3128 268 3178 si
289 3128 349 3195 quis
367 3134 467 3180 statuas
486 3128 605 3211 lapideus
622 3136 651 3180 et
668 3144 766 3183 aeneas
786 3145 834 3181 suu
855 3137 951 3197 sponte
970 3131 1003 3182 ad
1021 3146 1093 3181 arma
1111 3138 1138 3182 et
1164 3146 1248 3198 proe-

146 3197 183 3251 lia
202 3200 308 3251 moveri
327 3198 445 3252 diceret:
464 3200 497 3251 nd
515 3200 581 3253 istos
601 3215 667 3252 voro
687 3216 813 3269 perquam
831 3200 900 3253 tales
925 3209 1011 3253 metus
1037 3203 1182 3268 pertinent.
1213 3204 1248 3254 iis

148 3272 228 3337 enirn,
249 3271 295 3339 qui
316 3270 448 3323 maleficia
466 3273 640 3337 committunt,
661 3274 781 3325 carnifex
800 3274 905 3341 quidam
929 3280 956 3323 et
980 3272 1155 3323 inexorabilis
1183 3274 1247 3324 vin.
1312 3335 1315 3342 Ι

146 3344 199 3394 dex
218 3342 296 3395 adest
314 3344 499 3407 couscientia,
519 3359 570 3411 qua
588 3342 675 3396 veluti
694 3339 783 3397 securi
802 3345 904 3397 animus
929 3338 1081 3427 flagellatur
1101 3351 1129 3395 et
1155 3356 1247 3395 omnes

145 3416 259 3466 timores
278 3414 488 3481 cogitationibus
509 3415 674 3481 iniiciuutur,
693 3423 723 3467 ut
742 3418 921 3483 suspicentur,
932 3431 1001 3485 quae
1015 3417 1074 3469 sine
1093 3416 1248 3483 suspicione

146 3493 208 3537 suut
224 3484 350 3570 nihilque
367 3486 572 3537 metuendum
564 3503 593 3537 ιιι
617 3502 647 3539 se
673 3486 789 3553 habent,
820 3489 911 3540 eadem
929 3489 1034 3539 ratione
1059 3488 1168 3553 affecti,
1196 3501 1248 3556 qun

147 3558 335 3623 oberrantes'
328 3573 356 3609 ιιι
377 3558 492 3611 desertis
511 3556 580 3609 locis
598 3567 678 3627 ολριιο
698 3526 820 3611 faucibus
839 3576 920 3613 caeca
940 3567 967 3610 et
984 3560 1133 3627 caliginosa
1150 3567 1248 3611 nocte.

146 3628 252 3681 dumam
272 3628 342 3681 enirn
361 3637 388 3681 et
406 3644 497 3682 saxum
516 3644 548 3681 ac
573 3629 666 3681 folium
684 3629 741 3684 levi
766 3646 831 3683 aura
854 3632 981 3699 τρίταισιν
1005 3646 1055 3715 pro
1084 3631 1248 3697 praedonum
1356 3696 1360 3701 .

146 3708 173 3751 et
195 3700 340 3752 terarum'
332 3716 456 3769 ingressu
474 3700 574 3752 habeut
592 3710 672 3770 atque
691 3703 845 3767 cohorreat,
864 3703 1051 3754 falsaetinani
1069 3701 1248 3787 undecunque

146 3773 325 3825 circumventi
342 3774 493 3825 timiditate
513 3780 575 3825 sunt
594 3781 682 3825 autem
700 3783 850 3841 practerea,
870 3776 916 3843 qui
936 3772 1035 3838 dicant,
1055 3773 1128 3825 hoc'
1120 3791 1148 3827 ιιι
1167 3790 1248 3827 causa

146 3858 218 3908 esse,
238 3858 286 3893 cur
304 3844 382 3911 plura
400 3859 477 3913 qnam
502 3846 553 3896 tria
571 3846 622 3897 ista
641 3844 757 3897 concilia
782 3847 872 3898 tacere
899 3854 925 3897 et
944 3846 1143 3900 criminationes
1168 3848 1247 3900 istius

146 3916 296 3967 canonicae
315 3916 496 3984 disquisitioni
515 3915 650 3968 subiicere
669 3916 766 3981 nolint,
785 3933 821 3970 ne
840 3916 962 3968 omnibus
984 3932 1029 3970 cas
1047 3920 1086 3971 ita
1103 3920 1247 4003 perspicue

145 3997 227 4056 atquc
249 3984 348 4039 clarius
368 3986 604 4072 cognoscentibus,
627 3990 655 4039 iu
674 4005 703 4041 se
722 3992 796 4057 ipsos
817 3991 1055 4043 ornnesconcrtent
1074 3999 1163 4056 etue,
1183 3992 1246 4059 qui.

144 4058 195 4111 bus
221 4058 362 4112 timoribus
387 4068 466 4113 autea
483 4060 574 4111 vexati
601 4068 675 4124 sunt,
704 4076 750 4111 eos
776 4076 872 4112 revera
897 4076 967 4111 nunc
988 4062 1110 4129 sibiipsi
1137 4062 1245 4126 faciant,

145 4130 256 4183 dissidio
268 4132 347 4183 inter
364 4132 438 4215 ipsos
458 4139 562 4183 exorto.
583 4130 654 4198 quod
673 4132 704 4182 ad
727 4132 753 4183 id
772 4134 879 4197 attinet,
901 4132 972 4201 quod
989 4149 1045 4185 non
1059 4134 1246 4186 omnibussuis

145 4204 308 4257 advorsariis
325 4205 425 4271 puriter
442 4206 553 4272 negotia
573 4203 726 4267 iacessunt,
753 4206 810 4255 eius
838 4206 879 4255 rei
898 4220 1004 4259 eausam
1025 4206 1104 4256 etium
1123 4220 1184 4257 esse
1202 4204 1245 4254 di-

146 4282 218 4341 cunt,
236 4290 273 4327 ne
291 4276 329 4327 ita
349 4282 484 4342 appareat,
504 4290 596 4327 omnes
615 4274 673 4327 iere
691 4240 812 4329 homines
823 4276 960 4343 perversis
971 4290 1062 4328 corum
1080 4274 1245 4339 novitatibus

144 4348 268 4401 infensos
288 4362 358 4400 esse.
400 4348 469 4399 haec
488 4348 570 4415 igitur
589 4356 707 4417 quartam
723 4352 849 4415 'causam·,
868 4363 917 4400 cur
934 4356 963 4401 tu
982 4348 1152 4417 gravioribus
1171 4347 1245 4402 iniu-

241 4423 405 4520 ιιιιηιππ
424 4443 534 4520 σομε.
560 4444 615 4501 ιιι.
628 4444 682 4501 ιιι.
1043 4449 1060 4504 5
