3184 5100
325 395 399 479 out
634 406 858 479 urcnnnonr
892 403 1122 473 eneconis

323 570 404 639 άλλά
444 571 479 638 τὸ
508 576 563 656 τής
596 556 769 655 παροιμίας
802 569 865 634 α’πδ
902 567 1007 651 κάπης
1034 569 1088 632 ε’πί
1103 563 1154 630 -τδ
1181 566 1271 647 βήμα
1299 562 1354 625 καί
1384 555 1421 624 τδ

322 672 513 758 στρατήγιον
546 678 695 758 ἐξαίφνης
720 670 875 752 ἔδραμες,
907 676 986 753 λέγω
1003 668 1056 751 ’δή
1093 666 1128 732 τό
1160 670 1320 747 θεολογεῖν
1351 660 1423 725 α’νί-

322 798 410 851 πτοις
443 797 476 839 τε
498 773 594 857 χερσί
622 772 678 837 καί
699 774 808 860 σαθρρῖ
838 774 979 857 διανοίη,
1009 775 1086 854 φέρε
1118 758 1177 831 κάν
1202 762 1236 830 ἐν
1268 762 1350 850 γήρᾳ
1371 764 1423 825 δι-

323 874 553 961 δάχθητιπαρ’
576 875 666 959 ήμῶν
686 872 744 948 τάς
762 872 976 955 στοιχειώδεις
997 873 1114 947 ταύτας
1127 869 1181 933 καί
1201 864 1328 949 πράτας
1351 890 1423 949 φω-

322 976 380 1050 νάς
402 980 464 1041 τιδν
486 976 693 1060 γραμμάτων,
717 975 760 1049 τίς
777 967 815 1037 άν
836 976 1071 1054 εάμαθέστερσς
1090 970 1167 1045 ἴσως
1182 965 1344 1053 γενόμενος
1367 969 1447 1049 τήςδ

252 1106 256 1109 ·
323 1081 416 1151 θείας
438 1080 515 1152 τέως
538 1073 667 1141 αἴσθοιο
687 1078 825 1159 γραφής,
857 1076 912 1138 καί
930 1077 1041 1157 μηκέτι
1066 1074 1106 1135 δι’
1130 1064 1229 1154 ὄχλου
1261 1069 1300 1155 τῇ
1325 1062 1422 1131 τάσε-

324 1182 397 1266 βείηι
427 1180 570 1261 γίγνυιο,
601 1179 798 1262 δημαγωγῶν
816 1176 852 1238 -ά
883 1184 947 1250 τοῖς
977 1177 1059 1238 κάτω
1086 1175 1205 1253 μάλλον
1230 1160 1249 1252 ή
1270 1177 1333 1243 τοῖς
1354 1161 1422 1231 άνω
1515 1206 1516 1211 1

324 1281 437 1360 πρέπει
458 1286 590 1361 νεκροῖς.
639 1275 675 1340 τά
699 1275 759 1359 γάρ
782 1278 911 1341 ἐναντία
933 1284 996 1349 τοῖς
1018 1276 1171 1347 ἐναντίοις
1202 1271 1373 1355 δρίζεσθαί
1389 1292 1423 1333 τε

325 1374 379 1440 καί
402 1379 616 1461 διορθοῦσθαι
644 1375 796 1456 νόμιμον,
818 1373 887 1441 ἐπεί
916 1375 970 1439 καί
990 1376 1162 1456 Χαρμίδης
1183 1370 1198 1434 o‘
1222 1376 1425 1450 Λαρισσαῖος

326 1472 465 1551 α’κσάσας
489 1480 701 1560 διηγουμένου
723 1475 807 1550 τινὸς
841 1479 873 1539 ἐν
894 1473 988 1539 ὕδατι
1022 1477 1121 1553 ζέοντι
1145 1471 1249 1551 ζάσας
1270 1472 1349 1535 ἰδεῖν
1371 1472 1467 1551 a'y.10

262 1639 268 1650 ,
322 1580 454 1659 χέλυος,
477 1578 590 1641 οὐκοῦν
612 1581 645 1640 ἑν
658 1582 776 1663 ψυχρῷ
798 1574 918 1651 ταάτας
942 1571 1114 1657 ὲψήσωμεν
1136 1571 1264 1659 ἔφησεν.
1308 1560 1345 1652 ἧς
1367 1561 1424 1633 σάν

323 1679 379 1742 καί
401 1676 495 1753 αδτδς
517 1678 666 1752 άσάνετυς
683 1677 810 1757 ἔμεινας
835 1679 1109 1760 πεντεκαιδεκάτης
1128 1676 1286 1747 παιδείας,
1307 1668 1425 1754 ταύτης

324 1774 405 1860 into
435 1777 476 1843 τά
508 1773 658 1861 ἑξήκοντα
679 1776 816 1861 γεγονοδς
848 1776 1007 1861 άκρυατήν
1040 1773 1176 1841 σεαυτὸν
1199 1772 1425 1837 ἀποδεικνύναι

323 1877 368 1961 μή
392 1881 528 1959 άπαξιόυ
550 1881 699 1963 τήμερον,
722 1882 786 1944 τῶν
808 1880 917 1943 άπλσῖν
939 1876 1061 1962 δηλαδή
1078 1877 1131 1942 κατ’
1150 1872 1329 1958 άρχοειδάν
1353 1896 1426 1957 φω-

324 1984 388 2045 ναῖν
407 1983 463 2045 καί
483 1986 660 2063 στοιχείων.
712 1985 811 2045 ταῦτα
841 1982 868 2042 δ’
895 1973 934 2041 άν
955 1977 1080 2054 πάντως
1107 1973 1156 2061 εἴη
1179 1970 1261 2040 τά’τ’
1285 1972 1423 2053 ὀνόματα
1436 1990 1468 2043 15

329 2083 384 2147 καί
402 2079 543 2166 ῥήματα.
585 2084 707 2164 πρῶτον
726 2083 786 2166 γάρ
811 2085 865 2145 δεῖ
882 2084 1012 2157 θέσθαι,
1036 2082 1126 2165 φασί,
1148 2083 1180 2142 τί
1198 2068 1297 2156 ὄνομα
1320 2076 1376 2137 κατ’
1396 2077 1430 2137 τί

325 2178 426 2266 ῥῆμα,
452 2179 553 2245 οἱονεί
569 2207 640 2247 τινα
663 2179 799 2264 στερρδν
820 2185 981 2263 θεμέλιον,
1004 2177 1112 2245 ἔπειτα
1131 2182 1167 2243 τί
1179 2180 1264 2242 ἐστιν
1289 2173 1424 2260 άπάφα-

325 2305 376 2357 σις
397 2283 453 2346 κατ’
472 2281 652 2368 κατάφασις
672 2284 727 2345 κατ’
749 2279 933 2367 άπόφανσις
957 2280 1010 2345 κατ’
1033 2282 1131 2363 λόγος,
1153 2280 1208 2343 καί
1232 2272 1293 2343 ὅσα
1316 2280 1351 2343 ἐκ
1370 2281 1426 2361 τῆς

327 2369 531 2467 σίνθρωπίνης
551 2381 670 2467 ταύτης
691 2386 862 2467 ἐπιπλοκῆς
893 2386 949 2447 καί
967 2386 1148 2456 συνθέσεως
1169 2382 1232 2444 τάν
1252 2402 1286 2442 τε
1309 2375 1426 2459 ὀνυμά-

260 2536 264 2541 ,
328 2508 391 2548 των
415 2483 471 2546 καί
491 2488 552 2547 τάν
574 2483 723 2570 ῥημάτων
747 2484 989 2549 ἀποτελοῦνται.
1033 2486 1121 2547 σκιαί
1141 2480 1201 2567 γάρ
1226 2477 1326 2544 οἱονεί
1342 2481 1469 2554 τινέςλθ

329 2585 392 2649 τίσι
412 2587 475 2648 τῶν
496 2588 692 2668 πραγμάτων
721 2586 757 2651 αἱ
779 2591 896 2670 φωναί,
918 2583 998 2670 πρὸς
1018 2583 1075 2660 τάς
1099 2581 1235 2666 κινήσεις
1255 2585 1318 2648 τῶν
1339 2581 1426 2666 δφε-

325 2681 448 2749 στοίτων
467 2683 743 2768 σχηματιζόμεναι
772 2685 826 2750 καί
845 2686 979 2768 ὀνόμασι
1004 2690 1058 2751 κατ’
1086 2684 1205 2772 ῥήμασι
1227 2683 1426 2767 κεραννύμε-

324 2948 353 2993 ιο
373 2938 479 2991 discere
498 2937 648 3006 oportebat,
667 2953 722 2990 non
741 2939 868 3005 didicisti,
888 2947 969 3008 atque
987 2948 1089 3008 septem
1103 2953 1187 2992 nanos
1204 2946 1281 2992 natus
1299 2953 1335 2990 ne
1353 2955 1425 3008 gen.

326 3010 390 3062 tiles
409 3009 515 3078 quidem
533 3010 714 3062 contendebas
735 3012 879 3063 secundnm
898 3013 1044 3078 sapientem
1059 3011 1133 3064 illum
1146 3010 1339 3064 Atheniensem
1358 3027 1425 3078 pro.

326 3082 409 3145 literi,
427 3081 476 3134 sed
495 3096 528 3134 ex
547 3096 637 3144 remo,
657 3090 686 3133 nt
703 3084 793 3148 aiunt,
815 3083 841 3132 in
860 3091 1014 3151 suggestum
1035 3091 1061 3135 et
1082 3083 1244 3149 praetorium
1265 3090 1378 3148 repente
1396 3090 1425 3134 te
1517 3087 1518 3150 g

326 3153 478 3218 coniecisti,
497 3151 548 3204 hoc
568 3153 674 3205 scilicet
692 3155 769 3218 dico,
795 3155 866 3222 qnod
885 3163 913 3206 tu
938 3155 1031 3207 adres
1050 3155 1154 3207 divinas
1181 3155 1319 3204 accessisti
1339 3153 1425 3204 illotis

325 3223 445 3276 manibus
466 3233 492 3276 et
509 3233 599 3276 mente
615 3225 719 3290 obtusa,
739 3241 790 3292 age
811 3227 890 3277 etlam
908 3243 993 3278 senex
1010 3227 1147 3279 edocearis
1169 3241 1184 3276 a
1202 3224 1343 3276 nobishoc
1363 3223 1425 3275 ele.

325 3298 469 3348 menturios
496 3304 522 3347 ct
540 3297 640 3361 primos
660 3311 740 3347 sonos
761 3297 914 3362 literarum,
934 3307 963 3352 ut
982 3299 1085 3350 doctior
1112 3297 1212 3360 iectus,
1234 3297 1350 3348 divinam
1369 3296 1425 3346 ali.
1517 3307 1518 3316 ¹

325 3375 456 3436 quatenus
474 3366 612 3434 intelligas
625 3368 782 3434 scripturam
801 3383 890 3436 neque
909 3371 985 3422 oneri
1004 3371 1041 3422 sis
1058 3369 1166 3436 pictati;
1186 3384 1244 3418 cum
1264 3367 1369 3434 plebem
1391 3368 1425 3418 ad

327 3453 359 3490 en
380 3439 521 3506 perducas,
541 3453 609 3506 qnae
628 3441 712 3506 mugio
731 3439 829 3490 decent
842 3448 970 3505 mortuos,
993 3443 1038 3510 qui
1056 3442 1126 3493 inira
1145 3456 1222 3508 quem
1243 3454 1289 3492 cos
1309 3439 1354 3506 qni
1375 3455 1424 3490 su.
1517 3441 1518 3446 ’

324 3525 372 3578 pra
390 3517 487 3561 terram
519 3517 675 3574 versantur,
699 3511 813 3562 adversa
843 3511 913 3562 enim
938 3513 1062 3564 adversis
1087 3513 1207 3564 dividere
1233 3518 1260 3561 et
1286 3511 1425 3578 corrigere
1517 3555 1518 3560 ,

323 3581 420 3632 iustum
441 3589 491 3645 est,
504 3580 674 3649 quamobrem
693 3583 771 3632 etiam
784 3582 938 3636 Charmides
950 3583 1122 3647 larissensis,
1137 3599 1194 3634 cum
1214 3583 1318 3634 audiret
1337 3596 1425 3665 queq.

324 3651 382 3702 dnm
401 3660 550 3703 narrantem
570 3667 600 3703 se
621 3654 647 3702 in
662 3668 730 3720 aqua
751 3661 890 3706 aestuante
916 3655 992 3706 vivas
1012 3655 1113 3706 vidisse
1139 3653 1282 3721 anguillas,
1303 3653 1375 3702 has
1368 3653 1426 3718 rgi.

324 3731 376 3785 tur,
396 3724 491 3791 inquit,
511 3725 539 3774 in
562 3724 660 3792 frigida
686 3739 840 3792 coquemus.
885 3726 1016 3794 utigitur
1044 3727 1147 3792 etipse
1176 3726 1283 3792 ignarus
1305 3724 1425 3777 mansisti

327 3758 479 3861 ηαίτιδεοίιιι
498 3810 583 3846 καιτοι
605 3804 682 3859 natus
702 3797 905 3861 doctrinaque
925 3799 982 3848 eius
1001 3805 1114 3849 oetatem
1139 3811 1265 3847 annorum
1284 3797 1426 3864 sexaginta

326 3877 450 3930 egressus
467 3873 494 3916 te
513 3867 661 3918 studiosum
680 3868 807 3918 simulare
819 3868 890 3920 nolis
910 3867 999 3932 hodie,
1021 3867 1181 3935 simplicium
1198 3867 1303 3918 scilicet
1321 3876 1348 3918 et
1366 3868 1425 3933 pri.
1492 3901 1495 3904 -

323 3948 425 3985 morum
445 3950 570 3988 sonorum
586 3937 842 4006 elementorumque,
859 3939 925 3990 lrneo
944 3947 1006 3991 sunt
1024 3939 1130 3991 omnino
1150 3939 1257 3990 nomina
1279 3946 1305 3988 ct
1323 3937 1425 3994 verba·

324 4005 436 4087 primum
462 4007 531 4056 enim
558 4009 650 4060 dicunt
675 4010 787 4061 solidum
808 4012 936 4080 quoddam
958 4010 1186 4062 fundamentum
1179 4025 1268 4061 iacere
1288 4017 1425 4076 oportere,

325 4076 388 4146 qnid
408 4076 443 4126 sit
460 4091 566 4143 nomen,
587 4080 650 4147 quid
668 4082 789 4133 verbnm.
827 4083 933 4146 deinde,
953 4083 1016 4150 quid
1034 4084 1070 4135 nit
1088 4081 1235 4132 adfirmatio
1264 4088 1291 4130 et
1315 4081 1426 4148 negatio

328 4155 355 4200 ct
382 4149 514 4198 sententia
541 4159 568 4201 ct
594 4151 732 4204 conclusio
762 4161 788 4203 et
814 4169 989 4223 quaecunque
1014 4169 1047 4204 ex
1071 4153 1121 4204 hac
1148 4151 1282 4204 hominum
1311 4153 1428 4202 coniun-

329 4219 425 4270 ctione
441 4226 467 4270 et
480 4222 674 4290 compositione
694 4225 828 4276 nominum
849 4234 875 4277 et
889 4227 1030 4278 verborum
1050 4225 1211 4276 ellieiuntnr.
1230 4221 1339 4276 umbrae
1358 4209 1430 4274 enirn

329 4290 520 4364 quodammodo
540 4309 631 4347 rerum
646 4303 709 4350 sunt
725 4297 787 4351 soni
806 4299 950 4366 secundum
968 4304 1056 4352 rnotus
1075 4295 1265 4368 subsuatormn
1278 4293 1384 4362 formati
1403 4300 1432 4348 et

909 4419 924 4448 C
