3184 5100
330 399 379 478 σι
639 355 872 473 -urosinom
905 394 1138 468 uernom

328 561 399 646 ταῖς
418 564 546 646 ότόποις
576 571 803 655 κοτυαφοονίαις
834 566 951 630 αότιόν.
1004 567 1154 646 τέταρτον
1172 564 1232 642 μὲν
1253 552 1311 624 cis
1330 555 1437 624 αἴτιον

330 673 387 736 τιό
410 671 446 736 σέ
470 669 634 754 βαρότερα
658 665 735 752 πρός
759 671 823 732 τῶν
848 668 1013 747 δυσστβοόν
1028 663 1228 748 ὑφίστασθαι
1249 663 1344 724 τοῦτο
1365 685 1437 747 φα-

217 781 220 788 ’
331 774 400 837 σίν·
443 775 653 856 προστιθέασι
673 771 709 833 dt
731 769 785 834 καί
805 772 945 848 πέμπτον
967 762 1023 830 ἐπί
1052 759 1197 844 τυότοις,
1218 757 1265 828 ότι
1286 785 1436 846 προειρη-

332 871 435 938 κόιων
457 870 584 938 ἐκείνων
605 873 639 936 ἐκ
660 872 715 955 τῆς
736 873 799 934 ταῖν
817 866 967 952 συνήθων
990 865 1122 951 όντίρων
1145 864 1279 939 Πυθίας
1299 866 1355 927 καί
1375 866 1437 927 τοῦ

332 973 426 1059 σφόν
444 969 589 1037 τοιαότου
611 973 765 1054 μαυτικοό
785 967 1010 1051 τρίειιυδσς,
985 992 1029 1044 ας
1058 970 1088 1032 εἰ
1117 973 1184 1042 τοῖς
1203 967 1295 1049 σφόν
1314 957 1437 1047 βουλή·
1445 983 1464 1036 5

332 1097 417 1155 μασι
432 1070 658 1155 πειθόμενος
642 1096 657 1134 o
681 1067 834 1153 βασιλεῦς
850 1072 924 1154 θείη
944 1065 1153 1152 παρειθεόν’
1136 1091 1189 1132 επι
1206 1069 1263 1150 τῆς
1280 1066 1437 1147 μυστικῆς
1514 1090 1515 1205 η

332 1176 390 1239 τοῦ
419 1171 653 1259 θυσιαστηρίου
685 1171 843 1256 τραπέζης
872 1169 930 1235 τόν
958 1171 1115 1254 σφέτεροι
1149 1167 1268 1249 τόμον,
1295 1165 1515 1288 λη’φεται

290 1282 297 1290 ’
334 1273 426 1340 πόντ
449 1271 483 1338 έν
504 1279 626 1358 βραχεῖ
640 1271 727 1337 τότε
748 1267 813 1360 τρῖα
834 1274 891 1355 τῆς
911 1272 1046 1355 γῆςκαί
1066 1269 1105 1334 τό
1127 1265 1286 1376 ἑσπέρια,
1294 1291 1348 1332 και
1371 1266 1439 1330 πό-

334 1397 393 1462 σης
415 1364 505 1457 όρξει
520 1371 634 1456 σχεδόν
648 1337 856 1496 θαλόαόης“
834 1398 903 1453 αμα
921 1371 977 1436 καί
994 1369 1079 1454 γῆς,
1085 1371 1236 1456 έμφανως
1257 1343 1439 1433 ediante-

334 1499 415 1541 κατα
437 1466 564 1556 μόλιστ’
592 1470 727 1558 είρὴκεις
749 1470 868 1553 αότός,
890 1471 970 1537 κατὰ
1002 1469 1061 1556 τηυ
1092 1468 1299 1554 εόαγγειικην
1324 1492 1438 1555 φωνην
1450 1490 1485 1543 10

334 1573 390 1640 τόν
412 1573 502 1658 λόγον
524 1573 726 1659 προενεγκών,
749 1599 792 1650 ως
818 1567 897 1640 όταν
920 1571 1010 1658 ι’δητε
1037 1572 1072 1638 τό
1098 1573 1262 1654 βδέλυγμα
1284 1573 1341 1655 τῆς
1362 1569 1441 1656 ἕρη-

335 1679 468 1758 μαόσεοις
489 1668 589 1750 ἑστός
611 1665 644 1738 ἐν
666 1672 750 1764 τόπῳ
775 1675 872 1764 οἱγίηι,
902 1675 1092 1760 ἐρημώσεως
1120 1673 1283 1754 βδέλυγμα
1305 1669 1440 1758 φάσκων

271 1779 277 1841 .’
336 1774 394 1842 τόν
415 1772 523 1858 τόμον,
545 1772 712 1859 γινώσκετε
734 1771 781 1842 ότι
802 1770 928 1861 ἤγγικεν
949 1771 968 1859 ἦ
991 1775 1152 1860 ἐρήμωσις
1172 1775 1236 1837 ταῖν
1252 1773 1441 1853 Ῥωμαϊκόν

270 1889 328 1942 ⁸0
338 1872 547 1961 πραγμόιων,
569 1879 623 1942 καί
642 1875 676 1942 εἴ
694 1901 741 1952 τις
763 1875 813 1962 εἴη
833 1881 1021 1961 περίχωρος.
1065 1879 1240 1956 βλέποντας
1261 1868 1322 1938 υόν
1341 1869 1443 1946 scidiis

338 1975 419 2043 κατό
440 1973 542 2053 πόδας
578 1979 677 2043 εἰπεῖν
709 1977 934 2060 ἀπαντήσαντα
963 1981 1021 2041 τοῦ
1050 1979 1269 2061 τε·σφειίρσυ
1296 1975 1442 2056 ψεόόαυς
1454 1993 1488 2046 15

338 2078 394 2144 τόν
407 2075 535 2162 ἔλεγχον
550 2077 605 2142 καί
619 2073 687 2158 ἅμα
702 2082 740 2163 ιη’
742 2103 756 2154 ς
768 2075 833 2161 ’σῆς
848 2077 1001 2162 ἀληθείας
1016 2076 1050 2142 τό
1064 2077 1191 2160 κρότος,
1212 2078 1322 2140 ἕπεται
1339 2097 1444 2138 κατα-ε

206 2241 209 2249 ,
246 2203 249 2209 ’
314 2173 545 2244 ‘cissimis’
567 2177 866 2264 αι’σχόυηςαόταός,
891 2179 949 2241 οόκ
968 2176 1101 2261 ἔχοντας
1115 2174 1194 2252 όλως
1215 2174 1349 2241 ἑστῶσιν
1363 2171 1444 2257 όρᾶν
1515 2244 1516 2249 1

342 2275 526 2364 όφθαλμοΐς
545 2283 679 2355 ου’όίνας
700 2279 896 2365 ιῖυθροόπων,
918 2272 995 2343 πότε
1013 2278 1115 2360 στόμα
1136 2278 1217 2359 μετό
1237 2301 1271 2360 γε
1291 2280 1345 2361 τῆς
1367 2274 1445 2360 πρίν

333 2379 639 2468 ,εἶναιδείαςζέκεινης
655 2377 882 2466 φθεγγόμενον.
912 2382 962 2445 διό
984 2385 1038 2446 καί
1052 2379 1169 2445 “δει7τε
1185 2382 1239 2463 καί
1252 2376 1442 2461 έξολοθρεό.

340 2503 448 2563 σωμει
469 2480 587 2546 αότόν”
610 2481 752 2565 λέγοντες
763 2527 773 2559 ,
795 2479 935 2567 σιγοόσας
958 2481 1122 2563 όπιίζουσι
1140 2471 1251 2560 δεξιὰς
1273 2478 1351 2545 κατὰ
1372 2483 1491 2566 comeo

343 2585 433 2649 δυσίν
463 2583 598 2667 θάτερον
631 2583 894 2666 συσκουόζοντες,
927 2582 948 2670 ἢ
974 2589 1012 2672 τῇ
1041 2584 1125 2673 λόπη
1147 2585 1370 2670 δαπανηθέντα
1395 2607 1444 2665 σε,

340 2680 421 2765 μετό
433 2707 469 2768 γε
489 2687 551 2749 τῶν
568 2684 719 2771 συνήθων
740 2686 844 2751 πόνων
865 2690 922 2771 τῆς
940 2689 1082 2774 κεφαλῆς
1104 2689 1160 2751 κατ’
1180 2694 1238 2770 τῆς
1259 2677 1363 2760 ἄλλως
1384 2688 1445 2749 νῦν

344 2780 568 2871 ἐπινοηθείσης
584 2808 637 2851 σοι
657 2787 816 2870 καχεξίας,
834 2790 891 2876 βίη
913 2788 1098 2873 τελευτῆσαι
1114 2785 1172 2851 τόν
1193 2789 1273 2869 βίον,
1296 2778 1316 2870 ἢ
1337 2784 1445 2875 λάθρᾳ

344 3018 393 3071 riis
414 3017 473 3069 ab
465 3018 554 3085 impiis
573 3019 711 3087 alliciaris,
731 3023 853 3075 aderunt.
891 3023 1008 3090 quintum
1021 3036 1088 3074 vero
1106 3022 1213 3086 addunt,
1232 3022 1312 3089 quod,
1331 3020 1391 3073 istis
1410 3036 1446 3072 ex

346 3088 435 3143 solitis
453 3104 615 3143 somniorum
626 3096 760 3147 vaticiniis
782 3103 809 3145 et
829 3094 934 3161 tripode
953 3108 1001 3145 suo
1023 3092 1134 3146 fatidico
1152 3091 1398 3175 praedicentibus,
1390 3107 1445 3142 um.

347 3166 508 3229 peratorem,
534 3162 557 3215 si
577 3164 632 3217 suis
652 3164 773 3217 consiliis
793 3164 936 3216 obsecutus
957 3165 1029 3230 adyti
1048 3162 1125 3217 altari
1145 3182 1220 3217 suum
1238 3173 1336 3215 tomum
1354 3164 1445 3229 impo-

347 3235 456 3299 suisset,
475 3234 552 3287 brevi
572 3237 733 3301 orientales,
754 3244 781 3286 et
800 3234 980 3287 occidentales
1001 3243 1092 3303 partes
1116 3246 1204 3289 terrae
1224 3244 1360 3303 capturum
1384 3250 1446 3285 om.
1516 3295 1517 3300 Ἰ

271 3329 275 3336 ·
346 3302 444 3389 nisque
463 3304 521 3357 iere
540 3309 619 3359 muris
640 3316 666 3359 et
686 3316 773 3358 terrac
793 3308 932 3373 imperium
950 3308 1159 3374 impetraturum,
1177 3316 1206 3360 tu
1224 3308 1447 3359 manifestocon-

260 3398 264 3423 ι
347 3378 430 3429 traria
448 3391 556 3444 prorsus
575 3378 792 3444 pronuntiaveris
811 3380 956 3430 secundum
975 3380 1159 3447 evangelicam
1179 3394 1273 3431 vocem
1286 3378 1447 3445 uerbapro.

348 3448 455 3501 lerens:
475 3449 596 3515 „quando
618 3448 743 3501 videbitis
763 3449 986 3501 abominationem
1009 3449 1183 3503 desolationis
1206 3459 1318 3503 stantem
1337 3450 1365 3500 in
1383 3449 1447 3501 loco

347 3525 440 3573 sancto
462 3518 700 3588 (abominationem
725 3529 814 3572 autem
839 3520 1014 3574 desolationis
1039 3520 1193 3589 appellabas
1220 3525 1350 3590 tomum),
1378 3536 1448 3588 cog-

346 3590 462 3655 noscite,
482 3592 697 3675 appropinquare
717 3592 822 3658 imperii
842 3592 954 3645 Romani
973 3592 1167 3645 desolationem
1190 3601 1216 3644 et
1236 3594 1374 3656 cuiusvis,
1400 3592 1449 3659 qui

349 3660 455 3714 vicinus
476 3663 553 3713 erit.“
592 3680 674 3747 quum
690 3664 772 3733 igitur
791 3664 915 3728 videant,
941 3663 1131 3717 refutationem
1159 3680 1266 3718 suorum
1290 3629 1449 3715 mend’acio.

348 3746 407 3784 unm
429 3734 579 3803 evestigio
599 3734 676 3803 sequi
697 3743 724 3787 et
742 3742 847 3787 tuorum
866 3736 996 3787 dictorum
1015 3736 1124 3800 veritas,
1144 3751 1221 3805 quam
1242 3737 1278 3788 sit
1295 3734 1385 3787 valida
1404 3742 1449 3785 at.
1495 3735 1500 3753 ‘

350 3818 402 3871 que
423 3800 529 3869 ellicar,
547 3820 601 3859 non
620 3807 755 3892 ignorent,
775 3808 896 3876 sequitur
914 3808 986 3873 iarn,
1013 3817 1042 3859 ut
1054 3823 1125 3874 prae
1145 3808 1246 3875 pudore
1266 3822 1327 3860 sese
1352 3804 1451 3857 abdant

348 3874 377 3924 in
396 3872 540 3940 occultum,
560 3884 588 3927 ut
608 3878 653 3946 qui
675 3882 781 3931 omnino
801 3894 855 3930 non
876 3881 957 3931 rectis
982 3888 1062 3948 atque
1087 3879 1147 3932 lixis
1176 3876 1263 3930 oculis
1290 3891 1449 3946 quemquam

331 3944 490 4011 adspicere
507 3960 597 4016 neque
617 3964 663 4000 ore
681 3952 810 4017 pristinae
836 3952 1016 4018 impudentiae
1042 3949 1187 4002 vociferari
1206 3950 1319 4016 possint.
1364 3963 1450 4017 quare

350 4015 511 4070 clamantes·
533 4020 622 4087 „agite
641 4020 715 4085 dum,
735 4023 916 4088 disperdamus
935 4023 1026 4074 euml“
1047 4022 1125 4073 armis
1147 4029 1240 4072 contra
1259 4022 1386 4103 testacite
1404 4020 1451 4070 in-

349 4094 456 4141 struunt
474 4090 590 4154 dextras,
609 4089 722 4142 alterum
742 4110 775 4143 ex
794 4093 897 4147 dnobus
915 4102 1059 4161 parantes,
1088 4097 1117 4143 dt
1136 4101 1181 4144 aut
1199 4092 1333 4213 πιαοειὶηηρ
1297 4090 1450 4145 tsitnul·

351 4174 405 4229 que
424 4162 519 4229 capitis
539 4161 688 4226 doloribus,
708 4164 803 4231 quibus
823 4164 946 4218 laborare
968 4164 1040 4216 soles
1061 4171 1088 4214 et
1106 4162 1175 4216 mula
1196 4164 1288 4216 valeta
1317 4178 1371 4227 ne,
1398 4177 1452 4229 qua
1516 4179 1517 4186 ¹

349 4247 421 4285 nuuc
440 4234 557 4298 vexaris,
578 4234 717 4285 coniectos
737 4243 764 4286 et
781 4236 934 4304 absumptus
952 4237 980 4287 vi
999 4236 1075 4287 finias
1095 4236 1186 4300 vitam,
1208 4244 1254 4287 aut
1271 4242 1301 4285 ut
1324 4230 1453 4285 nonnulli

350 4304 443 4359 dorum
461 4304 551 4361 lurtim
570 4307 730 4376 irrepentes,
750 4322 846 4380 magna
856 4306 1002 4363 solitudine
1019 4314 1093 4361 tuum
1107 4305 1270 4362 domicilium
1285 4305 1452 4372 obtinentes,
