3184 5100
311 413 536 487 ursaonae
552 419 813 489 canturanae
831 426 940 517 xxix.
958 411 1146 507 tto-33.
1208 415 1283 495 ata

180 577 371 664 ἔχειν’όέρα
396 584 492 665 πνοῆς
518 584 725 669 ἀκραιφνοῦς.
775 588 855 675 α’κοῇ
877 590 905 651 δ’
924 580 1010 669 όμως
1033 589 1130 680 σ’λίγῳ
1153 585 1286 675 όστερον

182 679 397 766 παρειληφότι
421 681 475 748 ἕνα
492 686 548 757 aar·
563 687 658 749 αόιόν
680 680 814 768 εἶναίμε
835 693 898 754 τῶν
920 691 1049 755 εἰδότων
1063 700 1282 775 συμπέπτωκε,

182 778 380 863 παμπόλλων
407 776 468 869 ἤδη
501 782 535 848 τό
560 788 691 869 πρᾶγμα
711 791 766 852 καί
796 791 932 878 δημοσίᾳ
953 791 1186 875 θρυλλοόντων.
1232 794 1282 859 διό
1387 809 1401 821 “’

181 881 247 947 τοῖν
276 884 370 949 αδδέν
403 885 533 975 ου’δαμῇ
556 910 591 971 γε
622 887 796 954 α’πεικότων
818 888 942 973 ἔδοξεν,
974 894 1048 957 ortos
1079 897 1135 957 τοῦ
1168 899 1285 978 καιροῦ

136 981 237 1081 Ι’5και“
264 988 321 1068 τῆς
341 991 453 1069 χρείας
484 983 772 1072 όςχπόρρωτότω,
803 996 841 1079 τῇ
863 992 987 1080 ἱστορίᾳ
1023 996 1077 1057 καί
1108 990 1202 1057 τοῦτό
1227 1020 1284 1075 μοι

180 1080 444 1171 συνυφανθῆναι,
468 1084 598 1171 ἔλεγχον
628 1094 688 1170 μέν
711 1095 825 1179 κομιδῇ
848 1097 995 1179 προφανῆ
1018 1096 1144 1174 κομίζου
1166 1096 1283 1157 θεόθεν
1354 1078 1361 1087 ’

180 1182 338 1287 κατόλτῆς
358 1192 423 1252 τῶν
444 1192 584 1254 διωκτιόν
607 1191 778 1271 α’πονοίας,
803 1192 985 1258 παντάπασι
1007 1196 1037 1258 δ’
1056 1197 1224 1284 α’κίβδηλον
1246 1190 1280 1258 τό

179 1289 241 1351 ror
255 1290 457 1368 διωκομένων
476 1291 568 1375 ἦμιόν
587 1286 766 1376 ἀποφαῖνον
787 1290 946 1378 σόστημα.

281 1390 429 1478 Φιλοθέῳ
463 1391 524 1475 γόρ
562 1394 607 1479 τῷ
640 1395 783 1481 Κοκκίνιρ
811 1398 984 1477 τηνικαῦτα
1015 1399 1348 1482 πατριαρχεόοντιη

135 1487 298 1569 λθέδοξεν,
321 1485 427 1574 ιόσπερ
451 1492 583 1577 ἕρμαιον
618 1490 674 1555 τόν
697 1492 811 1577 καιρόν
831 1489 1006 1577 ἦρπακότι,
1028 1496 1282 1581 μηχανήσασθαί

179 1614 211 1655 τι
233 1591 311 1680 πρός
331 1584 487 1682 σόστασρν
506 1598 563 1675 τῆς
583 1595 743 1679 σφετέρας
765 1594 870 1667 αὐτόν
890 1600 1071 1681 παλαμικῆς
1094 1600 1280 1675 πολυθεΐας.

180 1690 324 1776 πλήθους
354 1685 411 1757 σόν
442 1694 657 1776 ἠθροισμένου
693 1692 881 1775 παμπόλλου
915 1700 977 1761 τιόν
1006 1701 1039 1762 έν
1068 1703 1200 1781 α’γοραῖς
1228 1704 1282 1764 καί

179 1793 319 1875 τριόδοις
340 1796 608 1875 καλινδουμένων,
626 1793 704 1871 στός
725 1798 778 1882 ἐφ’
799 1794 928 1881 όψνγλοό
945 1796 1072 1881 “χρειόν
1094 1799 1197 1879 όμός”
1217 1826 1282 1886 φη-

179 1895 251 1975 σίν,
267 1886 316 1958 “u3
346 1885 459 1979 ἄνδρες
486 1920 520 1961 τε
541 1896 596 1961 καί
614 1905 761 1980 γυναῖκες
789 1898 844 1961 κατ’
864 1904 957 1963 τέκνα
981 1898 1088 1984 νήπια,
1120 1897 1164 1983 μή
1189 1905 1280 1977 θείας

136 1999 170 2053 15
181 1989 260 2060 ἄνευ
282 1986 431 2080 προνοίας
466 1994 592 2062 οἴεσθαι
623 1999 682 2082 τὴν
711 2001 769 2063 rori
788 1998 880 2062 θείου
915 2002 1007 2065 τοῦδε
1037 2000 1191 2082 λειιγόνου
1215 2002 1281 2077 τοίς

179 2095 330 2163 ένεσεοόσι
351 2102 501 2180 γενέσθαι
522 2107 643 2181 καιροῖς
664 2102 862 2184 ε’μφόνειαν,
896 2100 963 2164 ἀλλ’
993 2101 1045 2165 ἵνα
1058 2086 1099 2165 1τό
1121 2108 1280 2179 πλείστοις

180 2196 234 2261 διό
252 2194 315 2280 ’τόν
342 2200 404 2261 τόν
434 2200 611 2265 α’ντιθέτων
641 2195 710 2282 όριν
739 2201 1033 2287 οι’μφισβιγτιγ’σιμονἵ
1056 2186 1195 2287 έμφονὲξ
1227 2207 1283 2268 καί

179 2302 283 2383 σαφὲς
304 2301 456 2387 καταστῇ,
475 2298 532 2364 καί
550 2298 709 2382 γνοόριμον
727 2304 858 2384 γένηται
880 2305 959 2366 πόσι
981 2305 1047 2378 πιός
1067 2306 1125 2385 μὲν
1147 2301 1181 2369 τό
1204 2310 1280 2365 πολ-

180 2399 239 2474 λός
260 2424 349 2476 τινας
369 2404 474 2483 σέβειν
496 2400 581 2483 ἡμᾶς
600 2403 760 2485 ἐνεργείας
780 2403 944 2478 α’κτίστους
967 2408 1019 2468 καιΙ
1043 2403 1220 2487 οἷνουσιόυς,
1245 2398 1299 2484 ἃς,

133 2511 171 2566 20
180 2499 406 2587 καέ·θεότητας
428 2503 799 2589 οἱκονσιοϋφειμέναςτῆς
817 2506 908 2580 θείας
927 2508 1084 2584 καλοῦμεν
1099 2505 1211 2580 ου’σίας
1230 2504 1285 2570 καί

182 2601 359 2687 διαφόρους
376 2604 472 2686 αὐτῆς
485 2627 518 2668 τε
533 2604 590 2668 καί
610 2600 764 2687 α’λλήλων,
788 2606 960 2691 α’κιβόηλόν
977 2608 1010 2670 ιε’
1032 2609 1104 2670 ἐστι
1117 2607 1171 2668 καί
1179 2607 1283 2670 -ευ’σε-

184 2702 259 2787 βές,
290 2700 368 2784 ἦδέ
394 2706 456 2768 ταῖν
481 2703 655 2769 α’ντιθέτων
686 2709 759 2769 καθ’
783 2706 873 2790 ἡμῶν
909 2709 1051 2790 λοιδορία
1070 2704 1206 2785 μα’ταιος
1228 2708 1284 2769 καί

181 2807 427 2890 κατεγνωσμένη.
479 2801 548 2868 ἔστι
576 2807 636 2886 μέν
656 2798 712 2869 σόν
739 2805 910 2872 κόντεόθεν
938 2806 995 2871 οὐκ
1030 2801 1147 2890 ἄδηλον
1168 2804 1203 2871 τό
1227 2809 1282 2892 τῆς

182 3095 287 3164 qeidem
313 3102 417 3162 tempus
443 3095 544 3162 integri
567 3093 666 3148 liceret
689 3095 729 3147 nti
757 3096 828 3148 aeris
852 3094 1040 3162 respiratione.
1087 3093 1166 3147 fando
1193 3101 1282 3148 tamen

181 3165 274 3235 pantio
294 3175 355 3232 post
376 3181 454 3234 quum
472 3182 528 3218 rem
553 3169 719 3235 accepissem
748 3167 846 3218 accidit
870 3174 899 3218 ut
923 3181 991 3232 unus
1017 3174 1044 3217 et
1071 3165 1145 3216 solus
1171 3180 1222 3233 ego
1249 3181 1283 3216 ex

180 3239 216 3290 iis
236 3253 333 3302 essem,
355 3239 401 3304 qni
422 3239 485 3304 quid
511 3238 609 3290 iactam
630 3247 702 3290 esset
722 3245 847 3293 tenerent
867 3236 1006 3304 permultis
1036 3237 1087 3286 iam
1106 3252 1162 3287 rem
1184 3244 1211 3288 et
1229 3252 1281 3302 pu.

180 3309 254 3361 blioe
273 3308 485 3376 divulgantibus.
522 3319 686 3377 quapropter
703 3310 795 3362 harum
820 3325 908 3361 rerum
929 3317 958 3360 ut
985 3295 1198 3374 improbabilium
1213 3307 1282 3358 nihil

182 3379 241 3430 ulio
260 3380 338 3430 modo
357 3379 478 3448 piaenit;
495 3396 584 3448 neque
604 3382 691 3432 visam
710 3389 752 3433 est
769 3396 785 3432 a
805 3381 937 3447 ,temporis
957 3379 1060 3431 ratione
1076 3387 1102 3430 et
1120 3379 1282 3429 necessitate
1304 3413 1308 3421 ι

182 3451 300 3502 alienum
322 3466 382 3502 esse
402 3449 516 3503 historia
534 3454 614 3504 etiam
635 3452 688 3504 hoo
707 3451 876 3519 perscribere
897 3453 967 3520 quod
989 3459 1016 3502 et
1034 3452 1219 3502 documentum
1239 3449 1282 3498 di.

182 3522 284 3573 vinitas
302 3522 445 3588 praeberet
460 3524 703 3576 manifestissimum
724 3524 868 3576 vecordiae
887 3531 1086 3590 persecutorum
1106 3529 1133 3571 et
1152 3521 1282 3571 sinceram

182 3594 631 3648 omuinomostmruminiuriarum
651 3597 844 3648 enarrationem
863 3595 1012 3646 exhiberet.

281 3687 424 3740 Philotheo
444 3691 513 3742 enim
529 3691 645 3744 coccino
665 3700 729 3742 tunc
747 3693 876 3758 temporis
894 3689 1061 3760 patriarchae
1080 3695 1202 3756 tanquam
1222 3686 1282 3737 idai.

181 3775 259 3812 neam
277 3769 373 3813 nactos
393 3770 465 3814 esset
483 3765 710 3830 opportunitatem
728 3762 819 3814 moliri
841 3761 903 3830 quid
923 3762 1003 3813 libuit
1021 3763 1054 3812 ad
1072 3757 1299 3828 constituendam'

182 3847 256 3883 suam
275 3833 392 3899 ipsorum
413 3833 568 3900 paiamicam
587 3835 752 3902 polytheam.
804 3833 973 3885 multitudine
1001 3834 1082 3900 igitur
1100 3845 1196 3898 magna
1215 3845 1283 3882 con.

182 3911 293 3972 gregata
313 3919 403 3955 eorum
423 3906 469 3973 qui
488 3906 516 3956 in
535 3905 593 3957 ioro
614 3915 641 3957 et
652 3907 739 3958 triviis
755 3913 903 3969 versantur,
923 3911 995 3957 stans
1010 3904 1038 3954 in
1054 3903 1115 3953 loco
1127 3903 1283 3968 superiore:

181 3989 296 4026 necesse
317 3983 367 4039 est,
388 3975 484 4044 inquit,
507 3991 556 4028 vos
574 3978 637 4042 uiri,
655 3977 802 4039 mulieres,
821 3976 937 4028 inientes
956 3989 1010 4026 non
1029 3976 1088 4026 sine
1106 3975 1198 4025 diviua
1216 3987 1282 4040 pro.
1340 4031 1349 4052 x

181 4046 303 4097 videntia
321 4047 435 4098 credatis
455 4048 550 4098 iactam
569 4063 629 4099 esse
649 4057 791 4114 praesente
810 4055 930 4114 tempore
957 4047 1050 4098 harum
1069 4047 1216 4097 divinarum
1235 4061 1282 4095 re.

181 4118 325 4186 liquiarom
343 4118 549 4183 revelationem,
571 4121 617 4171 scd
638 4127 667 4170 ut
686 4121 756 4186 quod
775 4127 886 4188 propter
909 4119 1121 4171 adversariorum
1147 4117 1282 4182 discepto.

181 4189 283 4240 tionem
302 4189 409 4240 dubium
429 4197 471 4242 est
488 4191 654 4243 manifestum
674 4192 720 4244 iiat
739 4199 765 4242 et
781 4191 888 4258 planum
908 4197 988 4258 atque
1007 4189 1039 4241 ab
1059 4188 1179 4240 omnibus
1198 4186 1283 4238 intel-

182 4259 284 4328 iigatnr
301 4259 382 4329 quale
407 4261 442 4313 sit
460 4260 526 4313 illud
560 4263 630 4332 quod
661 4262 772 4314 colimus
800 4262 895 4330 multas
915 4262 1072 4313 et'ficientias
1101 4261 1232 4330 increatas
1251 4271 1283 4306 ac

184 4329 351 4386 substantiae
370 4337 495 4403 expertes
521 4347 586 4404 quas
605 4336 709 4390 castam
731 4333 889 4388 efficientias
909 4329 1155 4388 'insubstantialiter
1172 4327 1282 4398 dicimus
