3184 5100
273 414 495 484 nrsromsu
513 411 771 480 nrzsmmln
789 415 916 479 xxvia
938 392 1125 481 [ιθ-ὀί.
1187 406 1258 484 169

154 605 224 667 της,
248 584 279 655 ἔς
301 581 443 645 τοιοῦτον
462 582 559 661 πέρας
577 601 629 642 και
650 571 734 640 οὕτω
764 579 956 658 δυστυχδς’
940 575 1014 659 εμοί
1032 582 1094 643 τεόν
1116 579 1259 660 πατρίων

158 685 289 750 ἐκείνων
312 673 626 764 nsptslqlvddrooa‘'
610 703 723 798 σρκων,
758 677 812 741 καί
834 673 914 740 oriam
933 700 974 756 με
996 684 1151 799 τραγικῶν
1171 702 1259 762 περι.

157 782 389 866 στοιχισόντων
410 779 543 845 δικτόων
563 773 619 844 καί
638 771 711 843 ὅσαι
734 778 875 843 θανάτου
895 802 1028 861 γειτονες
1050 777 1084 844 ἐκ
1105 784 1164 845 sori
1178 806 1260 865 προ-

155 887 279 972 pavoris
309 886 374 950 εἰσί
403 881 573 988 συμφοραί
602 877 682 964 πρὸς
714 877 893 963 ἀπόγνωσιν
925 882 1031 946 πᾶσαν
1063 880 1259 948 δλαόνουσαι

127 990 237 1068 sptbs,
261 1010 292 1050 τι
286 981 379 1048 ’ἔδει
400 992 516 1065 ποιεῖν,·
541 966 701 1067 ἤσχαλλον
719 984 889 1101 κομιδῇ,’
868 979 1020 1066 ηνιοόμην,
1041 986 1141 1066 μίσην
1159 981 1259 1066 osiris

153 1081 331 1171 ἐτυπτόμην
350 1083 471 1169 ψυχην,
493 1081 687 1166 ἐμακάριζον
709 1083 784 1160 τοός
813 1081 973 1158 θανόντας
1000 1078 1158 1165 μαλλον
1143 1111 1162 1166 η
1185 1083 1258 1157 συός

153 1187 228 1267 ἐμοὶ
249 1185 473 1268 παραπλήσιον
495 1187 635 1262 ζαῖντας,
667 1179 744 1246 θεόν
765 1181 950 1266 ἐπεβοαίμην
977 1179 1129 1267 μόρτυρό
1149 1207 1181 1247 τε
1203 1187 1258 1266 τῆς

150 1286 278 1360 α’δικίας
299 1289 354 1349 καί
377 1283 444 1365 ἅμα
457 1281 598 1368 τιμωρόν
622 1285 685 1347 ταῖν
701 1286 823 1348 δεινοῖν.
847 1282 928 1347 α’λλόι
954 1284 1009 1348 καί
1030 1279 1131 1359 οότως
1152 1280 1258 1367 ἔχοντι

154 1383 225 1469 ἥκει
249 1383 391 1471 λαθραῖό
415 1409 471 1466 μοι
494 1387 667 1468 γράμματα
691 1381 769 1468 πρός
802 1390 861 1448 τοῦ
883 1383 1175 1470 ΚρὰληΣερβίας·
1219 1385 1259 1447 osi

112 1488 215 1572 ίθγόρ
237 1487 348 1570 πόρρω
370 1511 430 1550 που
453 1489 509 1570 γῆς
540 1482 596 1560 τός
618 1484 786 1570 διατριβὰς
809 1486 895 1574 adad
924 1491 1088 1552 ποιεῖσθαι
1109 1489 1260 1571 ξυνέβαι-

153 1614 224 1667 νεν,
263 1591 304 1653 ἵν’
335 1587 422 1675 αὐτῷ
455 1591 510 1652 καί
530 1585 568 1652 τό
593 1587 730 1670 ἡμέτερα
758 1590 781 1627 ’ί
812 1589 966 1671 ἀγνοῆται
997 1591 1129 1674 ἐφέστια
1152 1586 1293 1673 πόθη·ί.
1306 1593 1393 1650 137ι.

161 1691 264 1755 πάντα
280 1689 342 1772 ’γδρ
367 1683 452 1773 εἶχεν
472 1687 553 1754 dida
567 1691 611 1753 ’ἐκ
631 1692 751 1752 πολλοῦ
769 1686 807 1752 τό
831 1692 929 1772 μέχρι
949 1691 1065 1772 τειχῶν
1087 1691 1143 1773 τῆς
1163 1688 1263 1771 ἐχοί-

157 1815 215 1876 σης
237 1813 278 1872 με
310 1788 366 1853 τόν
399 1791 602 1871 ταλαίπωρον
637 1789 756 1864 πόλεως
789 1787 861 1854 τότε
883 1790 1124 1873 Θεσσαλονίκης.
1174 1786 1328 1873 ἔκεγεδΙ

156 1895 193 1955 δέ
214 1915 270 1973 μοι
291 1887 331 1954 τό
369 1886 541 1974 γράμματα
566 1893 655 1955 δυοῖν
676 1888 829 1973 ὁπότερον
859 1883 899 1967 δν
929 1888 1003 1970 ἐμοί
1019 1891 1202 1978 βουλομένη
1225 1913 1261 1972 γε

113 1999 144 2052 15
157 1992 207 2076 εἴη
231 1993 478 2074 ἀποκρίνασθαι,
506 1983 525 2076 η’
547 1989 693 2075 γυναικὸς
715 1989 769 2055 διό
792 1990 850 2067 τός
879 1989 999 2072 μεταξό
1022 1989 1122 2072 τόχας
1144 1989 1261 2075 ἔρημον

157 2087 219 2179 ἤδη
243 2117 284 2173 με
309 2085 385 2156 ὄντα
414 2090 470 2176 την
504 2091 623 2158 ἐκείνου
655 2095 912 2178 γυναικαδίλφην
942 2093 1120 2175 α’γαγίσθαι
1147 2115 1181 2156 τε
1203 2117 1263 2176 γον

156 2204 250 2260 υαϊκα
284 2195 338 2260 καί
359 2193 523 2274 σώζεσθαι
543 2196 625 2276 μετοί
649 2198 704 2279 της
728 2190 870 2276 πόλεως,
906 2185 926 2278 τ’]
948 2197 1195 2278 συναπαχθηναι
1218 2193 1262 2282 spi

158 2301 214 2382 τῆς
237 2299 357 2363 ἐκείνου
381 2293 541 2379 θαλάττης
561 2294 689 2383 πόματι,
712 2292 894 2380 βιαιότερον
915 2294 1122 2361 ἐπιτίθεσθαι
1143 2298 1181 2382 τῇ
1202 2294 1264 2358 πό-

154 2405 204 2463 λει
226 2403 404 2481 μέλλοντος.
448 2403 518 2464 κατ’
543 2397 682 2480 ἐμαυτόν
703 2391 759 2463 σόν
791 2401 865 2479 ἐμοί
892 2401 1046 2488 γενομένη
1072 2399 1130 2463 καί
1154 2405 1263 2478 ξυννε-

112 2497 282 2586 2θυοηκότι
303 2498 348 2585 μὴ
373 2493 455 2565 εἶναι
476 2501 555 2585 μήτε
575 2498 741 2587 βάρβαρον
758 2493 832 2585 μήτ’
855 2504 955 2586 ἀσεβῆ
983 2496 1040 2564 τόν
1060 2497 1168 2580 δεξιόν
1191 2498 1264 2582 ἐμοὶ

154 2600 374 2685 παρεχόμενον
390 2601 626 2685 κινδυνεύοντι,
648 2602 749 2667 όποῖοι
769 2605 813 2691 τῷ
827 2604 972 2691 πενθερῷ
990 2609 1058 2666 κατ’
1074 2599 1154 2682 ἐμοῦ
1176 2627 1263 2682 σομ-

155 2703 307 2785 μαχοόσί
322 2726 353 2767 τε
377 2701 432 2767 κατ’
442 2706 609 2786 ισυζιόσιν,
630 2704 698 2769 a'tt’
718 2704 837 2789 εὐσεβῆ
859 2728 891 2768 τε
912 2704 967 2769 καί
985 2701 1149 2795 ὁμόδοξον,
1172 2706 1260 2789 μέσῳ

156 2807 247 2867 δυοῖν
266 2801 408 2887 γεγονότι
438 2804 473 2868 τό
499 2804 696 2891 κουφότερον
719 2802 852 2871 ἑλέσθαι
883 2806 1120 2885 συμπέπτωκεν.
1163 2800 1262 2868 dand-

157 2926 236 2969 στου
269 2907 304 2969 dd
335 2905 597 2991 τοῦπράγματος
624 2904 784 2991 γεγονότος
809 2898 928 2996 ᾤχοντο
959 2905 1016 2990 την
1050 2909 1202 2989 ταχίστην
1232 2900 1263 2969 oi

155 3194 199 3238 tur
225 3198 330 3253 uosque
353 3185 385 3237 ad
414 3201 539 3239 summam
567 3188 641 3241 vitae
665 3189 878 3255 desperationem
902 3186 1055 3250 adducunt,
1075 3186 1138 3255 qnid
1155 3184 1261 3237 δυσίων.

156 3258 217 3309 dum
236 3256 314 3308 erat?
351 3260 465 3325 erumpit
488 3260 657 3327 indignati03
682 3262 709 3311 in
729 3274 850 3311 maerore
869 3258 1003 3321 iacebam3
1027 3258 1061 3309 ob
1081 3258 1166 3309 intimi
1179 3258 1260 3309 animi

155 3328 290 3383 tristitiam
323 3328 486 3397 plangebar;
509 3330 611 3398 ‘beatos
636 3332 820 3399 praedicabam
852 3338 971 3382 mortuos
996 3331 1084 3396 potius
1111 3344 1188 3397 quam
1214 3329 1260 3395 qui

156 3399 286 3453 vivebant
305 3416 423 3464 mecum3
443 3402 519 3453 deum
539 3410 634 3455 testem
651 3404 808 3455 invocabam
827 3402 982 3454 iniuriarum
1003 3408 1030 3452 et
1047 3400 1160 3453 ultorem
1180 3399 1260 3467 dagi-

155 3473 262 3523 tiorum.
301 3472 348 3523 sed
374 3472 431 3538 ipsa
459 3472 509 3525 bac
530 3474 563 3531 du
584 3474 736 3527 conditione
763 3474 832 3525 clam
855 3473 919 3524 mibi
948 3472 1056 3525 litterae
1082 3471 1180 3523 allatae
1199 3478 1261 3522 sunt

156 3542 244 3597 Cralis
263 3541 386 3595 Sessias.
423 3546 466 3596 cui
491 3547 601 3612 propius
621 3547 750 3598 accedere
774 3560 829 3598 non
850 3546 979 3628 contigit3
1000 3560 1083 3612 quare
1102 3543 1260 3594 domesticas

154 3622 262 3667 nostras
288 3613 407 3669 fortunas
433 3618 673 3683 ignorantiam
698 3618 743 3669 diu
768 3626 849 3669 totam
873 3617 1013 3684 regionem
1037 3614 1158 3682 possedit
1175 3628 1279 3681 usque‘

156 3686 188 3737 ad
208 3687 316 3737 moenia
335 3685 542 3740 Thessalonicae
561 3689 634 3741 urbis
655 3705 723 3757 quae
742 3705 784 3739 me
806 3690 930 3740 miserum
949 3687 1067 3738 inclusit.
1104 3684 1262 3737 nuntiabant

156 3765 244 3807 autem
263 3752 371 3808 litterae
390 3759 521 3811 eduobus
540 3759 652 3811 alterum
665 3769 750 3811 utrum
768 3761 833 3813 mibi
852 3759 1004 3842 eligendam
1026 3774 1096 3822 esse,
1115 3765 1200 3809 utrum
1216 3756 1262 3825 qui

155 3830 183 3879 in
204 3828 275 3879 tristi
295 3844 354 3879 mea
373 3832 528 3883 conditione
546 3846 631 3883 uxore
650 3832 791 3885 destitutus
811 3847 896 3882 essem
921 3830 1005 3897 ipsius
1032 3830 1123 3881 uxoris
1142 3843 1262 3881 sororem

155 3900 184 3949 in
203 3900 398 3953 matrimonium
423 3902 522 3955 ducere
551 3912 577 3955 et
606 3920 664 3954 cum
689 3903 755 3955 urbe
781 3903 885 3955 servari
906 3901 1005 3953 vellem
1025 3916 1058 3953 an
1075 3900 1162 3984 abripi
1181 3901 1261 3951 maris

155 3966 280 4021 fluetibus
304 3974 349 4039 qui
369 3973 428 4024 urbi
450 3973 562 4040 abipso
579 3974 794 4027 admoverentur.
832 3975 923 4041 itaque
943 3988 1022 4058 quum
1040 3974 1155 4024 animum
1173 3988 1261 4023 meum

156 4041 332 4109 collegissem
360 4052 387 4095 et
410 4045 606 4097 intellexissem
640 4047 685 4113 qui
711 4048 739 4097 in
769 4061 858 4097 rerum
885 4045 1016 4113 angustiis
1040 4043 1169 4095 auxilium
1195 4043 1261 4093 mibi

154 4114 265 4164 ollcrret
290 4128 379 4180 nequo
409 4114 548 4167 barbarum
575 4132 634 4168 esse
664 4133 753 4185 nequa
772 4119 899 4184 impium,
919 4116 1012 4184 quales
1031 4131 1154 4167 socerum
1173 4116 1200 4164 in
1218 4129 1261 4165 me

153 4186 284 4237 adiuvant
304 4185 416 4253 eiusque
445 4189 513 4240 socii
543 4197 623 4251 sunt,
643 4189 689 4239 sed
708 4192 779 4255 pium
801 4196 828 4239 et
849 4187 1022 4252 confidelem3
1050 4186 1186 4238 eduobus
1204 4184 1260 4235 illis

154 4256 226 4323 quod
246 4258 410 4309 commodius
431 4268 487 4311 erat
499 4258 583 4329 elegi.
622 4260 673 4311 boo
693 4276 773 4329 quum
791 4260 952 4311 innotuisset
970 4259 1094 4311 custodes
1112 4259 1165 4308 mei
1183 4270 1261 4321 quam

153 4326 299 4383 celerrima
320 4342 350 4379 sa
367 4327 526 4395 Byzantium
548 4332 718 4389 contulerunt
744 4340 770 4385 et
792 4346 837 4387 res
863 4345 963 4403 νοντα
968 4332 1145 4388 enuntiarunt
1174 4339 1261 4387 socer
