3184 5100
335 409 384 491 oo
637 416 861 488 uicarnom
891 414 1120 486 eunoomm

336 607 392 670 σης
415 588 469 670 τῆς
493 583 664 670 διηγήσεως
684 579 1008 668 εὐπαρακολούθητος
1029 586 1084 648 κατ’
1106 579 1183 666 ἡμῖν
1203 577 1222 668 ἦ
1244 585 1307 648 τοῖν
1329 585 1443 648 τοιού-

336 709 398 750 των
419 689 588 768 ἐγγίγνοιτο
612 685 755 769 μόδησις
777 681 975 766 ἑκατέρωθεν
995 680 1162 770 ἑκατέροις.

184 839 187 846 .
271 798 325 850 18
431 787 466 853 ‘0
486 791 545 868 μὲν
574 784 613 870 δη
637 782 753 870 χρόνος
774 789 846 849 καθ’
868 781 903 848 ὃν
926 783 1063 849 ἕπονιιόν
1082 788 1301 868 κατέπλευσα,
1326 790 1440 872 φησίν,
1507 780 1510 785 “

337 889 370 964 ἐς
389 884 588 970 Βυζόντιον,
616 885 697 968 μετὰ
727 885 821 962 κυνός
854 887 998 971 ύπύγρχεν
1022 888 1180 967 ἐπιτολάς,
1206 885 1354 972 λήγοντος
1378 883 1440 974 ἢδη

337 991 392 1053 τού
414 993 540 1070 θέρους.
592 989 692 1064 addin
722 982 778 1072 σύν
801 983 926 1068 οἷποβδς
950 991 1005 1072 τῆς
1025 988 1105 1063 νεός
1132 988 1239 1054 οἶκόδι
1264 987 1465 1076 δφικόμην,5

337 1093 392 1156 κατ’
406 1093 559 1172 οἰκουρῶν
576 1091 796 1156 διετετελέκειν
812 1089 919 1174 ἡλίους
940 1085 1010 1174 ἑξῆς
1030 1094 1266 1172 πεντεκαίδεκα,
1287 1095 1439 1172 διαλαμ-

336 1190 440 1276 βόνων
460 1215 492 1256 τε
516 1181 664 1275 ε’μοιυτόν,
685 1195 740 1256 καί
762 1190 820 1290 την
842 1189 876 1255 ἐκ
897 1190 1058 1276 θαλάττης
1080 1193 1184 1276 η’ρδμα
1204 1194 1259 1258 καί
1278 1193 1358 1257 κατὰ
1380 1220 1439 1276 μι-

338 1292 412 1376 κρόν
434 1290 680 1376 α’ποτριβόμενος
700 1294 827 1378 αἠδιάν.
871 1293 926 1356 κατ’
947 1295 1006 1374 μὲν
1026 1293 1066 1377 δὴ
1088 1296 1151 1357 τῶν
1173 1294 1300 1378 ἡμερῶν
1315 1293 1437 1374 μεταξύ

337 1396 473 1458 τουτωνὶ
493 1390 687 1476 προσιόντων
709 1385 814 1459 δι’λλοτ’
832 1387 935 1459 ἄλλων
950 1399 1052 1480 φιλων
1072 1396 1127 1460 κατ’
1146 1390 1336 1475 ὁμιλούντων
1359 1396 1444 1480 ἡμῖν’

338 1495 478 1578 οἷκριβιός
499 1496 666 1579 ἀκηκοέναι
681 1519 739 1579 μοι
763 1501 887 1580 γέγονεν
911 1493 1052 1576 ἅπαντα,
1075 1522 1131 1581 την
1152 1502 1181 1560 τ
1204 1497 1439 1583 ονομαζομὲνην
1450 1506 1483 1558 10

340 1595 464 1660 ούτωσί
480 1619 545 1670 πως
565 1590 748 1678 σύνοδον,“
733 1622 818 1673 οπως
839 1621 873 1662 τι
895 1599 1116 1682 ἐσχεδιᾞασται
1137 1624 1189 1662 και
1212 1592 1273 1663 ὅσα
1294 1603 1438 1684 πέπρακ-

337 1721 390 1760 ται
414 1691 607 1782 παρανόμως
641 1700 710 1763 ἐκεῖ
724 1699 804 1785 πρός
824 1702 886 1764 τῶν
915 1701 1079 1783 προέδρων
1108 1702 1169 1763 ταῖν
1191 1705 1338 1790 Παλομηῖ
1357 1727 1440 1783 συμ-

335 1797 527 1880 μαχούντων
548 1801 603 1863 καί
622 1797 930 1883 α’νακικαλνμμένως
959 1799 1207 1911 ἐπιορκούντων,
1233 1798 1278 1867 ἔτι
1299 1827 1334 1868 τι
1356 1797 1443 1877 ὅπως

338 1896 374 1962 τό
393 1902 453 1981 μὲν
481 1902 536 1983 τῆς
559 1903 731 1978 noio-isiae
759 1901 922 1986 η’κύρωται
945 1885 1069 1984 δόγμα,
1091 1898 1124 1966 τό
1150 1906 1264 1988 δὲ’τῆς
1283 1906 1439 1989 ἕναύρκου

339 1999 517 2086 μυστήριον
546 2005 725 2084 οἰκονομίας
752 2001 916 2090 α’νῄρηται.
967 2006 1023 2067 καί
1056 2002 1136 2088 πρός
1165 2029 1200 2087 γε
1229 2014 1295 2082 τοϊς
1318 1998 1438 2088 ἄλλοις,
1451 2011 1483 2064 15

342 2099 364 2165 ἃ
386 2102 462 2185 μηδ’
486 2104 565 2188 α’κοῇ
584 2113 762 2192 σωφρονεῖν
787 2107 829 2168 δι’
855 2106 1020 2187 edessanas
1046 2109 1284 2194 προαιρουμένῃ
1313 2106 1440 2172 διδόναι

340 2200 464 2285 χρεών,
495 2203 623 2271 aduena
659 2205 780 2291 δηλαδὴ
813 2203 875 2270 όσα
902 2211 1106 2291 βαρβαρικαῖς
1139 2231 1174 2271 τε
1197 2211 1253 2272 καί
1273 2212 1440 2293 θηριωδῶς

341 2302 503 2390 εἴργασται
526 2303 606 2388 πρός
626 2308 687 2370 τῶν
708 2310 886 2389 ποιμαίνειν
907 2306 1065 2390 λαχόντων
1091 2305 1148 2392 τὴν
1167 2312 1351 2394 ε’κκλησιάν,
1368 2310 1441 2392 περὶ

342 2395 387 2470 οἷν
409 2404 425 2468 ό
447 2404 555 2490 κύριος
576 2403 638 2490 ἔφη
654 2402 826 2488 “ποιμε’νες
845 2406 1102 2493 η’φρονεύσαντο,
1124 2412 1269 2490 ποιμένες
1292 2413 1440 2496 διέφθει-

277 2526 402 2593 Μραν
419 2504 473 2573 τόν
493 2504 667 2589 οἶμαιλοόνιό
686 2509 784 2591 μου.”
836 2513 892 2575 κατ’
914 2502 981 2592 όμα
1011 2508 1067 2574 τόν
1095 2509 1150 2576 ἕπτ’
1167 2508 1293 2587 τούτοις
1315 2513 1484 2599 ppetuu-20

308 2634 316 2648 i
344 2611 493 2675 δδστατον
523 2610 579 2673 καί
609 2608 810 2676 παντοδαπόν
840 2609 995 2695 διωγμόν,
1027 2603 1159 2678 κόπειτα
1189 2608 1274 2691 ὅπως
1301 2636 1334 2678 τε
1370 2617 1441 2699 διη-

342 2714 504 2796 νέχθησαν
524 2708 601 2775 ἔνιοι
616 2716 686 2777 κατ’
702 2713 793 2778 ε’νίων
808 2713 983 2795 ἐπίσκοποι,
998 2713 1054 2779 καί
1072 2711 1187 2797 σχεδόν
1212 2711 1349 2791 ἅπαντες
1369 2720 1443 2781 καθ’

343 2806 498 2897 induor,
518 2808 622 2899 οἵσπερ
639 2816 674 2880 ἐκ
690 2818 872 2898 μεταμέλοι
893 2814 929 2879 τύ
948 2819 1084 2901 μέγεθος
1103 2819 1166 2881 τῶν
1185 2822 1350 2905 σφετέρων
1364 2818 1443 2884 α’το-

260 3126 262 3132 ,
343 3098 392 3163 ris,
415 3103 444 3148 ut
463 3088 616 3151 narratione
636 3097 698 3150 inde
721 3098 867 3150 exordiae
892 3098 1058 3165 procedente
1078 3098 1184 3166 utrique
1204 3105 1323 3152 nostrum
1343 3102 1443 3168 cogni.
1472 3068 1477 3081 ι

344 3168 383 3219 tio
403 3184 490 3221 rerum
511 3168 544 3221 ab
562 3179 675 3240 utraque
691 3178 767 3237 parte
785 3170 928 3237 perspicua
948 3170 1052 3222 evadat.

444 3259 540 3325 „Quod
557 3261 590 3312 ad
609 3268 712 3327 tempus
734 3260 838 3325 attinet,
857 3260 953 3329 inquit,
972 3259 1130 3326 Byzantium
1149 3267 1211 3327 post
1228 3259 1373 3314 Caniculae
1395 3276 1443 3313 or.

345 3341 401 3385 tum
420 3339 522 3383 aestate
542 3333 594 3382 iarn
614 3339 729 3383 exeunte
751 3346 877 3384 reversus
896 3347 961 3384 sum.
1004 3332 1068 3382 navi
1094 3347 1218 3399 egressus
1247 3332 1352 3383 domum
1380 3334 1443 3384 veni

345 3404 437 3471 ibique
457 3403 608 3471 quindecim
627 3402 768 3456 continuos
788 3403 845 3455 dies
865 3410 987 3456 versatus
1004 3418 1047 3453 me
1064 3402 1149 3454 refeci
1172 3411 1198 3454 et
1219 3402 1363 3470 navigandi
1383 3419 1443 3454 mo.

346 3474 439 3527 iastius
458 3475 557 3525 sensim
582 3474 764 3544 paulatimque
783 3474 906 3527 abstersi.
950 3474 1026 3526 bisce
1050 3474 1143 3526 diebus
1166 3474 1228 3527 aliis
1255 3473 1322 3525 alias
1351 3475 1443 3527 amieis

346 3562 388 3599 mo
412 3546 634 3599 convenientibus
663 3553 690 3597 et
708 3562 812 3597 mecum
831 3545 1052 3599 conversantibus
1077 3554 1200 3597 accurate
1218 3546 1306 3597 omnia
1325 3548 1444 3613 comperi

344 3620 377 3671 de
399 3617 502 3685 synodo
521 3618 582 3682 ista,
605 3633 682 3687 quam
705 3618 844 3683 dicebant,
864 3634 915 3687 qua
936 3619 1040 3668 ratione
1061 3634 1094 3671 ex
1112 3626 1232 3685 tempore
1252 3624 1344 3669 coacta
1363 3626 1443 3682 esset,

346 3705 414 3759 quae
436 3689 473 3740 ibi
495 3704 510 3739 a
530 3690 698 3757 praesidibus
716 3689 840 3741 Palamae
861 3689 1067 3757 suifragantibus
1094 3697 1120 3741 et
1148 3689 1235 3757 palam
1263 3688 1444 3741 deierantibus

348 3760 492 3828 illegitimo
511 3769 597 3829 gesta,
619 3776 672 3829 quo
691 3769 769 3829 pacto
793 3763 889 3829 dogma
907 3764 940 3815 de
964 3759 1053 3813 multis
1084 3760 1267 3813 divinitatibus
1291 3767 1377 3811 ratum
1402 3760 1445 3814 fa-

346 3840 425 3895 ctum,
445 3832 599 3897 mysterium
616 3848 681 3884 vero
701 3835 892 3885 incarnationis
912 3848 1035 3885 eversum
1055 3842 1135 3885 esset.
1171 3840 1278 3900 praeter
1297 3830 1350 3882 alia
1368 3846 1445 3894 uero,

347 3918 416 3972 quae
437 3916 472 3953 ne
494 3902 601 3956 auribus
620 3905 724 3972 quidem
745 3904 890 3969 hominum,
910 3907 1009 3991 quipie
1027 3914 1107 3974 atque
1125 3906 1262 3956 moderate
1280 3904 1376 3955 uiuere
1395 3919 1446 3955 ve-

346 3976 413 4038 iint,
437 3973 583 4041 ingerenda
605 3984 685 4040 suut,
707 3976 755 4027 ilia
775 3984 882 4045 quoque
902 3980 1036 4044 nimirum,
1057 3994 1124 4045 quae
1151 3976 1264 4029 barbare
1284 3983 1310 4027 et
1337 3976 1462 4031 efferata

347 4047 401 4107 isti,
422 4044 517 4113 quibus
536 4053 669 4111 pastorum
688 4062 783 4101 munus
805 4049 918 4118 obtigit,
944 4056 1103 4119 gesserunt,
1123 4049 1155 4100 de
1180 4047 1276 4116 quibus
1296 4048 1449 4113 pastoribus

348 4117 468 4169 domiuus
488 4117 572 4168 dixit:
596 4125 733 4185 „pastores
747 4120 916 4173 insaniebant
917 4131 1055 4189 pastores
1064 4121 1203 4172 vastabant
1220 4121 1326 4172 tineam
1336 4127 1448 4170 ιιιοιιιιι.α

353 4190 472 4257 comperi
496 4188 584 4261 etiam,
603 4198 632 4241 ut
651 4194 866 4275 persecutionem
887 4160 1118 4245 horribilissimam
1137 4192 1236 4261 ubique
1257 4192 1450 4242 instituissent:

354 4267 384 4311 ut
403 4260 466 4311 dein
494 4226 618 4312 uonn'ulli
641 4263 762 4331 episcopi
781 4281 841 4315 cnm
864 4264 1002 4318 nonnuliis
1022 4272 1049 4315 et
1066 4279 1158 4316 onines
1177 4264 1235 4315 iere
1253 4278 1312 4313 oum
1330 4263 1452 4315 omuibus

239 4347 244 4403 j
350 4332 534 4407 dissedissent,
555 4340 678 4405 tauquam
701 4336 866 4403 poenitentia
884 4337 948 4388 tacti
969 4345 995 4388 et
1019 4336 1201 4405 magnitudine
1227 4333 1360 4388 scelerum
1385 4348 1452 4396 suo-
