3184 5100
319 438 541 510 ursroams
570 438 827 549 suzannam
847 442 942 509 xxx.
969 424 1156 512 57-59.
1215 399 1295 513 309'

189 609 246 673 κατ’
265 612 372 691 ψιλοῖς
392 608 556 691 λατρεύειν
577 604 744 688 όνόμασιν,
767 603 861 671 όπσῖα
882 604 939 671 κατ’
965 601 1040 681 τοός
1066 609 1121 691 τῆς
1144 612 1287 675 Πλατα-

188 711 276 793 νικῆς
296 710 391 782 στοᾶς
406 712 462 771 κατ’
480 705 677 790 Ἀκαδημίας
712 703 908 793 φόσκοντός
923 704 1017 787 ἴσμεν
1039 713 1116 792 περί
1136 732 1170 774 τε
1188 711 1289 793 γενιόν

187 808 243 872 κατ’
257 809 361 886 εἶδόν,
386 810 441 872 καί
460 808 492 871 εἴ
506 830 588 883 τινες
603 803 665 872 εἶεν
686 810 720 873 έκ
741 809 804 871 τεόν
825 799 956 891 ὕστερον
971 801 1078 873 ἄλλοτ’
1100 802 1205 886 ἄλλως
1226 810 1289 874 αό-

187 916 253 983 τοῖς
276 903 538 991 η’κσλονθηκότων
558 910 743 989 Βογσμιλοσν
773 902 828 971 κατ’
859 907 1056 990 Μανιχαιάιν
1085 913 1141 973 κατ’
1164 914 1288 975 Μασα-

160 1012 303 1072 triavus
325 1011 381 1072 κατ’
391 1008 609 1095 Εόνομιανσόν,
635 994 693 1084 σός
713 1008 768 1072 καί
789 1010 835 1082 εἰς
857 1013 939 1092 μέγα
953 1003 1173 1095 παρσπλκγξιάς
1187 1008 1288 1075 έλαό-

187 1130 252 1171 νειν
284 1106 300 1172 ό
336 1110 435 1191 μέγας
467 1112 548 1193 φησί
578 1103 886 1191 Βασιλειος.ιό’σπερ
917 1106 1077 1193 κσινότητό
1106 1134 1177 1174 τινα
1207 1108 1288 1198 λόγφ

185 1207 272 1295 μόνῳ
293 1207 476 1293 θεωρητήν,
513 1206 546 1273 όν
567 1210 700 1297 ον’δεμέρι
721 1208 894 1274 όποστόσει
915 1205 949 1273 τό
969 1201 1050 1272 εἶναι
1070 1206 1220 1291 ἔχουσαν,
1242 1211 1412 1290 oteramo

186 1306 225 1371 τό
248 1303 438 1389 όποκεέμενα
471 1314 667 1391 θεωρεῖσθαι
690 1310 873 1396 φάσκοντας
901 1306 955 1373 τόν
974 1309 1061 1373 θεόν.
1102 1310 1171 1375 ἀλλ’
1193 1304 1289 1375 όκσντ

185 1406 295 1472 λοιπόν
325 1415 361 1472 τέ
390 1434 488 1493 φησιν
514 1404 613 1487 αόθις
645 1406 662 1472 ό
685 1408 780 1487 αότός
814 1416 914 1494 μέγας
935 1408 1106 1487 Βασιλεισς
1136 1414 1288 1497 περὶτῆς

143 1518 176 1572 10
185 1504 343 1593 ἐνεργείας
364 1512 443 1573 θεοῦ
464 1514 518 1592 τῆς
541 1509 700 1591 α’κτέστοσ,
723 1509 766 1585 ὥς
787 1506 841 1574 έπέ
860 1512 915 1593 τῆς
944 1506 1046 1594 όπλῆς
1076 1515 1132 1576 καί
1153 1507 1287 1591 όσιομό·

184 1632 239 1674 τον
264 1610 393 1697 φόσεοτς
415 1613 471 1675 τόν
493 1610 589 1675 ον’τόν
611 1613 701 1695 λόγον
723 1608 903 1693 ἐπιδέχεται
924 1612 1099 1695 ἦένέργεια
1118 1617 1157 1699 τῇ
1178 1613 1284 1700 οόσέᾳ.

263 1712 367 1777 ,Ἐπεὶ
385 1714 415 1775 δ’
435 1711 452 1774 ό
473 1714 528 1796 τῆς
549 1706 659 1786 σόσόας
681 1705 755 1795 ὅρος
782 1712 836 1775 κατ’
864 1709 955 1795 λόγος
981 1710 1107 1798 (ταότόν
1127 1710 1189 1796 γόρ
1212 1708 1352 1795 όρσςὸο

184 1816 238 1877 καὶ
260 1810 365 1896 λόγος)
392 1812 523 1896 πρόγμό
549 1810 635 1878 ἔστιν
666 1812 907 1896 αόθόπαρκτον,
935 1812 981 1897 μὴ
1005 1810 1156 1895 δεόμενον
1176 1810 1285 1897 έτέρσν

184 1914 263 1998 πρός
285 1906 439 1996 όπαρξιν,
466 1912 515 1999 εἴη
543 1908 581 1977 ἰόν
611 1916 735 1989 πάντας
763 1917 818 1977 κατ’
850 1910 945 1996 ότῆς
967 1918 1124 1997 ένεργειάς
1155 1911 1285 1997 λόγσςό
1342 1970 1351 1989 ,

79 2038 86 2073 ι
141 2033 174 2087 15
184 2013 293 2095 αότός,
313 2009 372 2078 κόν
391 2022 455 2091 τοϊς
468 2012 604 2094 όνόμασι
625 2016 816 2100 διαφέρεται,
839 2017 969 2099 πρᾶγμα
984 2012 1211 2097 αόθόπαρκτον
1226 2016 1286 2099 διγ-
1388 2009 1390 2012 ’

184 2113 285 2199 tati,
315 2112 360 2199 pu}
393 2112 543 2198 δεόμενον
575 2111 684 2199 ἑτέρου
706 2111 784 2199 πρός
806 2110 951 2197 όπαρξιν.
1003 2111 1089 2179 σότω
1110 2114 1170 2198 γόρ
1194 2118 1249 2181 καό
1266 2114 1284 2178 ό
1372 2183 1376 2186 ,

183 2220 240 2300 τῆς
262 2215 450 2301 ταστότητσς
471 2214 609 2294 σοι’ζεται
632 2216 744 2299 λόγος,
767 2216 811 2291 σός
834 2218 889 2280 κατ’
909 2215 926 2280 ό
955 2218 1012 2300 τῆς
1032 2219 1186 2300 όληθειάς
1207 2212 1286 2299 όμα-

157 2365 162 2374 .
184 2307 314 2402 λογητὴς
338 2315 507 2402 σοφώτατα
529 2315 774 2403 μεμαρτόρηκε,
798 2314 962 2400 Θεόδωρος
985 2316 1003 2381 ό
1026 2321 1057 2383 Γ
1055 2317 1188 2402 ραπτός,
1203 2315 1289 2402 “or‘i'q

184 2443 246 2493 ταις
270 2409 330 2483 δι”
347 2420 453 2504 φήσας
470 2418 630 2501 “εόσεβαῖς
646 2422 773 2503 νοηθείη
793 2415 814 2503 ἦ
836 2420 895 2500 μὲν
908 2422 981 2483 θεία
1005 2421 1145 2503 ένέργεια
1169 2419 1285 2496 όέδιος,

138 2522 306 2603 οομόλλσν
335 2520 364 2582 δ’
394 2519 618 2603 αότενέργεια,
649 2522 692 2609 τρῖ
726 2519 770 2603 μὴ
805 2521 977 2601 διωρίσθαι
1009 2521 1063 2603 τῆς
1094 2514 1207 2596 οόσιάς
1227 2519 1285 2604 τήν
1366 2516 1401 2558 ”

138 2686 162 2696 „
185 2624 366 2706 ἐνέργειαν,
396 2621 475 2684 ἀλλὰ
508 2618 561 2685 τόν
585 2619 683 2687 αότόν
716 2623 808 2705 λόγον
838 2623 1046 2705 ἐπιδέχεσθαι
1066 2618 1129 2707 [διό
1151 2622 1208 2704 τὴν
1228 2624 1285 2705 τῆς

184 2722 288 2806 ἁπλῆς
307 2724 365 2798 κατ’
382 2723 555 2805 α’σσιμότου
590 2722 717 2808 φόσεως
739 2722 916 2810 litoroso?
969 2723 1025 2787 καί
1044 2722 1140 2787 πόλιν
1156 2720 1286 2807 “έτερον
1329 2729 1349 2767 ·‘

185 3043 241 3083 nun
261 3034 311 3091 est,
331 3033 358 3078 ct
375 3025 445 3079 nuda
462 3025 572 3078 nomina
590 3025 674 3091 colas,
693 3025 784 3094 qualia
804 3024 882 3078 ctiam
895 3023 1051 3080 Platonicos
1070 3025 1285 3082 etAcadcmicos

186 3102 279 3154 dicere
298 3098 395 3151 scimus
414 3097 447 3150 de
464 3097 610 3166 generibus
630 3105 657 3150 et
674 3097 785 3161 formis,
812 3105 839 3148 et
856 3099 879 3150 si
897 3099 943 3166 qui
962 3105 1025 3150 suut
1044 3113 1078 3148 ex
1096 3099 1148 3161 iis,
1167 3098 1214 3167 qui
1232 3113 1286 3166 po.

187 3181 245 3226 stea
264 3169 331 3222 alias
356 3169 436 3222 aliter
456 3184 503 3222 eos
529 3169 635 3236 sequuti
653 3177 737 3234 suut,
756 3168 905 3238 Bogomilis
932 3169 1054 3220 nimirum
1076 3177 1103 3220 et
1122 3169 1285 3222 Manichaei·

188 3251 216 3295 et
235 3241 386 3296 Masclianis
416 3249 442 3292 et
459 3240 648 3305 Eunomianis,
676 3255 742 3308 quos
768 3243 847 3292 ctiam
874 3255 971 3310 magua
997 3241 1101 3292 insania
1127 3239 1285 3306 perturbare

187 3315 253 3368 dicit
271 3327 381 3380 maguus
392 3311 507 3364 Basilius
527 3319 651 3380 tanquam
670 3327 810 3363 commune
824 3327 910 3380 penus
928 3312 1069 3380 quoddam,
1088 3312 1159 3379 quod
1179 3312 1285 3364 ratione

187 3385 247 3439 sola
265 3383 381 3451 perspici
401 3385 494 3449 possit,
514 3383 541 3434 iu
560 3383 644 3434 uuila
655 3382 802 3436 substantia
822 3385 964 3436 essentiam
983 3383 1099 3447 habeat,
1117 3398 1176 3433 oum
1196 3381 1285 3435 dicant

187 3459 267 3508 deum
285 3456 312 3505 iu
330 3455 476 3521 suppositis
495 3455 622 3522 perspici.
661 3455 708 3508 sed
727 3456 844 3522 accipias
864 3455 915 3506 iam
935 3455 999 3522 quid
1016 3455 1086 3506 dicat
1104 3469 1196 3506 rursus
1214 3453 1283 3504 idem

186 3526 303 3581 Basilius
322 3541 432 3594 magnus
462 3526 495 3577 dc
515 3526 659 3578 efficientia
678 3527 721 3578 dci
745 3527 880 3579 increatae
898 3527 926 3577 iu
945 3525 1060 3593 simplici
1080 3535 1107 3579 ct
1124 3528 1285 3592 incorporea

186 3606 282 3651 natura
304 3597 413 3648 eandem
433 3613 491 3648 cum
511 3599 627 3650 essentia
645 3599 774 3650 rationem
795 3599 894 3665 accipit
912 3598 1066 3650 efficientia.

177 3705 189 3712 “
289 3695 419 3759 Quoniam
437 3702 526 3746 autem
546 3696 679 3746 essentiae
698 3695 818 3747 definitio
838 3702 866 3746 et
883 3695 951 3746 ratio
972 3694 1055 3762 (idem
1075 3694 1145 3745 enim
1163 3692 1284 3745 definitio

189 3774 216 3818 ct
234 3765 317 3834 ratio)
345 3781 389 3817 res
418 3774 459 3817 est
484 3766 666 3818 substantialis
691 3781 760 3834 quae
785 3781 840 3818 nou
868 3773 947 3833 egeat
973 3765 1027 3816 alia
1052 3765 1284 3828 adcubantium,

154 3833 157 3840 '
189 3838 297 3890 omniuo
316 3844 475 3903 nonpotest
507 3853 567 3889 esse
586 3839 665 3888 etiam
684 3838 848 3890 efficientiae
871 3838 940 3889 ratio
959 3851 1014 3888 non
1040 3837 1130 3888 eadem
1159 3837 1237 3887 etiam
1256 3837 1284 3888 in

187 3907 341 3962 numinibus
361 3908 486 3972 diversis,
504 3925 548 3960 res
566 3909 689 3960 nimirum
708 3909 893 3961 substantialis
917 3924 986 3976 quae
1010 3923 1064 3959 uon
1084 3915 1163 3976 egent
1180 3907 1234 3959 alia
1251 3908 1285 3959 ad

188 3979 377 4034 substantiam:
396 3980 434 4030 ita
453 3981 522 4030 euim
535 3981 613 4032 ctiam
625 3981 742 4033 eiusdem
756 3981 866 4049 generis
876 3980 944 4032 ratio
964 3987 1096 4043 servatur,
1115 3979 1186 4048 quod
1205 3973 1295 4032 ettam
1330 4035 1345 4042 x

188 4051 312 4110 veritatis
331 4049 471 4101 confossor
489 4052 685 4118 sapientissime
704 4059 817 4104 testatus
841 4059 882 4102 est
898 4052 1052 4103 Theodoms
1071 4051 1203 4118 Graptus,
1225 4065 1285 4102 cum

188 4124 270 4186 dicat,
290 4120 343 4172 hoc
361 4122 438 4172 modo
458 4123 503 4188 pie
523 4124 636 4190 cogitari
664 4132 745 4190 puto:
771 4124 863 4175 diviua
881 4123 1028 4176 efficientia
1056 4131 1097 4175 est
1114 4123 1285 4188 sempiterna,

188 4195 249 4247 sive
268 4193 357 4259 potius
376 4193 435 4259 ipsa
453 4193 607 4260 efficientia,
627 4196 755 4262 quianon
774 4195 900 4247 distincta
918 4203 960 4246 eat
978 4195 1015 4246 ab
1030 4195 1146 4246 essentia
1161 4193 1286 4245 efficien-

189 4267 237 4330 tia,
262 4264 307 4316 sed
330 4265 441 4315 eandem
460 4267 590 4318 rationem
610 4267 709 4334 accipit
720 4275 831 4335 propter
851 4266 980 4335 simplicis
995 4274 1023 4318 et
1039 4267 1215 4334 incorporeae
1234 4264 1301 4315 nai

188 4345 271 4391 turac
292 4335 495 4404 proprietatem.
534 4345 560 4390 et
578 4353 670 4392 rursus
684 4337 756 4393 aliod
770 4355 830 4402 esse
849 4339 1006 4404 essentiam,
1026 4337 1099 4392 aliud
1117 4333 1287 4392 efficientiam
