3184 5100
325 381 395 499 ros
620 425 846 497 urceorum
878 424 1108 494 curucam

322 597 437 683 καρδίη
467 589 602 676 τάνδρὸς
623 589 954 675 ἐντεθησαυρισμένας
978 594 1144 673 δυσσεβείς
1174 592 1248 673 περί
1269 591 1349 656 θεοῦ
1371 591 1430 657 καί

323 700 386 762 τεέν
405 699 501 761 θείων
533 691 699 777 δογμάτων
725 690 847 767 ἐννοίας
861 692 927 756 ’καί
955 691 1027 769 τσδς
1048 694 1103 776 τής
1134 691 1286 768 άπονοιάς
1307 695 1428 779 ἐκείνης

271 831 275 838 ⁴
322 797 511 883 γεννήτορας
532 792 662 880 τάφους.

257 923 312 978 ss
415 891 483 963 Ἔτι
505 901 559 962 καί
576 899 667 962 τοῦτο
689 891 865 979 προσθήσω
884 903 952 972 τοῖς
973 897 1158 980 εἰρημένοις,
1183 894 1359 987 ἀκόλουθον
1381 896 1427 971 εἰς

324 1001 523 1084 παράστασιν
545 1003 602 1082 τής
621 995 747 1083 γνάμης
767 998 917 1081 ὑπάρχον
938 998 993 1063 καί
1005 1000 1100 1062 τοῦτο
1116 987 1255 1079 τάνδρός.
1299 995 1366 1061 ἐστι
1391 999 1452 1062 δέ5

323 1105 387 1166 τάν
407 1105 528 1166 πολλῶν
560 1104 593 1166 ἐν
624 1096 982 1186 άφειδσϊπαρήκαμεν
1004 1102 1119 1162 orituri.
1177 1097 1298 1183 Εἰρήνη
1322 1097 1428 1182 γάρή

322 1204 452 1286 βασιλίς
473 1205 527 1267 καί
547 1201 683 1284 σάζυγσς
707 1200 806 1264 αὐτοῦ
829 1199 948 1276 πολλάς
980 1201 1144 1283 ἐπήνεγκεν
1167 1198 1240 1281 ἐμοί
1259 1199 1429 1282 παρακλή-

323 1327 400 1380 σεις,
421 1301 669 1386 ειίχαριστήρισν
693 1302 735 1377 oie
757 1305 790 1380 ἐξ
812 1302 912 1386 αδτής
942 1305 1083 1385 ἐκθρίναι
1103 1303 1193 1384 λόγον
1215 1306 1254 1388 τῇ
1278 1298 1428 1388 πανάγνῳ

228 1421 236 1484 j
322 1407 421 1489 μητρί
440 1408 498 1469 τοῦ
523 1406 612 1482 θεοῦ,
632 1398 687 1468 ὅτε
706 1399 762 1487 τήν
782 1405 875 1488 σφῶν
892 1398 1061 1486 βασιλικήν
1084 1403 1116 1477 ἐς
1138 1403 1315 1479 Βυζάντιον
1338 1398 1430 1466 εἰσο-

232 1577 235 1584 ,
324 1506 380 1568 δον
399 1503 453 1568 καί
473 1507 560 1587 λήξιγ
582 1508 638 1586 τῆς
659 1504 859 1569 ἐπικινδύνου
881 1506 938 1568 καί
957 1507 1084 1587 μακράς
1109 1506 1230 1588 ἐκείνης
1253 1499 1371 1588 πλάνης
1392 1501 1473 1566 ἐν10

323 1603 430 1693 μνήμη
450 1608 512 1694 μιᾷ
533 1607 602 1690 {zoin
624 1599 722 1689 αἰτής
749 1600 866 1688 ἑορτάν
895 1608 1083 1689 γενομένην,
1116 1604 1171 1669 καί
1199 1605 1257 1667 σίκ
1291 1596 1430 1667 άλλσθεν

325 1699 406 1771 εἶναι
431 1703 593 1788 ὁμολογεῖν
615 1707 746 1790 ταυτηνί
764 1704 821 1788 τήν
842 1709 1026 1788 ἐπικουρίαν
1047 1703 1129 1788 πλήν
1150 1706 1258 1788 αδτής.
1303 1711 1432 1789 φιλοτι-

325 1806 459 1891 μότερον
482 1810 586 1872 τοίνυν
607 1809 688 1884 ἐμοῦ
707 1811 759 1872 τὸν
782 1811 926 1872 τοιοῦτον
948 1806 1157 1883 ἐκδεδωκότος
1184 1804 1277 1888 λόγον
1296 1801 1350 1899 διά
1373 1805 1432 1888 τήν

327 1909 384 1992 τῆς
404 1911 569 1989 βασιλίδος
592 1907 722 1995 ἔφεσιν,
744 1906 840 1985 ου’τδς
863 1908 1061 1989 θεασάμενος
1091 1909 1163 1972 άντί
1182 1909 1242 1971 τοῦ
1265 1905 1431 1989 α’γαπήσιιι

266 2039 272 2048 ’
326 2010 480 2093 μεμίσηκε
493 2009 580 2089 μάλα
593 2034 622 2075 τι
637 2013 768 2093 μάλλον,
792 2005 839 2076 ἐτι
853 2008 897 2094 μή
914 2013 952 2097 τῇ
968 2009 1073 2072 αἰτσδ
1089 1993 1214 2074 συνέσει
1229 2009 1283 2072 καί
1293 2033 1431 2091 στρατη·
1442 2016 1475 2070 15

328 2109 381 2198 γίηι
402 2113 461 2173 τοῦ
484 2115 644 2192 τροπαίου
667 2109 702 2176 τά
727 2117 790 2177 πάν
811 2114 958 2196 α’νήπτεν,
981 2108 1061 2174 άλλά
1086 2113 1124 2199 ιη’
1144 2112 1243 2193 μητρί
1262 2111 1317 2174 τοῦ
1339 2111 1432 2189 θεοῦ,

327 2203 434 2291 άσπερ
458 2200 497 2272 riv
518 2210 548 2274 εἰ
567 2208 677 2293 νεκράν
691 2207 876 2295 ἐπάρχοντα
893 2212 1051 2292 κεκόμικε,
1073 2208 1181 2296 φησίν,
1205 2208 1304 2273 acircio
1328 2211 1431 2293 ἐκείνη

326 2307 406 2392 μετά
433 2314 558 2388 ξυλίνου
581 2311 662 2386 τινός
693 2311 906 2394 κραββάτου.·
932 2306 1012 2393 πρδς
1044 2314 1132 2375 ταῦτ’
1156 2309 1216 2391 ἐγιά
1239 2312 1300 2389 μὲν
1323 2312 1434 2388 ἐξεπε-
1513 2372 1514 2397 ,

273 2449 275 2454 ·
333 2407 488 2495 πλήγμην,
504 2413 559 2475 καί
578 2409 635 2495 τήν
656 2411 756 2476 αάτοῦ
778 2413 846 2476 κατ’
868 2410 1007 2492 ἐμαυτόν
1022 2409 1214 2494 κακοήθειαν
1228 2407 1434 2493 ἐμεμψάμην·

331 2509 351 2595 ή
376 2513 410 2577 δέ
431 2511 557 2595 βασιλὶς
579 2510 698 2599 Εἰρήνη
720 2511 824 2596 λόγοις
853 2517 912 2596 μὲν
932 2514 1154 2599 σκληροτέρους
1184 2521 1248 2587 τοῖς
1267 2510 1348 2594 πρὸς
1371 2512 1477 2578 ori-20

332 2613 406 2695 τόν,
436 2612 540 2699 ἔργοις
576 2618 612 2679 δέ
640 2623 706 2689 τοῖς
736 2618 850 2701 ἐφεξῆς
861 2613 994 2701 ’ἔφηνεν
1028 2611 1102 2680 ὅσον
1123 2618 1180 2699 τῆς
1208 2613 1359 2697 εὐηθείας
1381 2617 1437 2677 καί

333 2713 413 2799 αἰτή
436 2716 494 2781 τοῦ
515 2713 654 2798 συζάγου
677 2720 825 2799 κατέγνω.
870 2717 925 2781 διὰ
946 2713 1008 2802 γάρ
1030 2713 1167 2801 μεγάλης
1190 2714 1310 2798 ἔχουσα
1332 2737 1436 2797 σπον-

334 2817 389 2902 δής
410 2816 560 2901 λαμπράν
581 2818 619 2905 τῇ
644 2818 780 2907 θεοτόκηι
802 2817 859 2883 καί
888 2822 1046 2902 πολυτελῆ
1067 2816 1244 2902 πανήγυριν
1272 2809 1436 2901 ἑορτάζειν

1513 2905 1515 3058 λ

339 3108 389 3159 deo
412 3114 438 3159 et
455 3106 553 3160 divinis
579 3109 708 3177 dogmatis
732 3124 827 3163 sensus
852 3110 903 3160 ism
934 3110 979 3160 diu
997 3109 1024 3159 iu
1054 3108 1134 3159 corde
1152 3107 1206 3159 uiri
1222 3106 1375 3159 reconditos
1395 3107 1438 3160 ia.

338 3186 468 3248 stumque,
489 3178 562 3233 iliius
581 3180 730 3233 dementiae
748 3189 896 3249 parentem,
916 3181 1070 3248 patefacere
1090 3194 1144 3231 non
1162 3180 1288 3231 cessarit.
1513 3233 1514 3300 η

436 3276 522 3329 Etiam
544 3276 596 3329 hoc
614 3278 724 3342 addam,
751 3278 821 3346 quod
839 3278 903 3329 item
922 3278 955 3329 ad
975 3276 1089 3328 hominis
1115 3275 1255 3327 consilium
1276 3289 1438 3341 repraesen.
1513 3317 1514 3330 i

337 3348 443 3400 tandum
464 3347 590 3415 pertinet.
629 3356 670 3399 cst
689 3364 755 3400 vero
775 3364 855 3399 unum
876 3348 1004 3411 emuitis,
1025 3364 1093 3417 quae
1112 3349 1137 3399 ei
1154 3356 1295 3415 parcentes
1314 3354 1438 3413 praeter.
1513 3343 1514 3350 ’

335 3419 464 3470 misimus.
502 3418 580 3470 irene
609 3421 679 3469 enim
707 3420 862 3487 imperatrix
892 3420 1004 3487 eiusque
1024 3434 1092 3471 uxor
1116 3419 1212 3470 multas
1237 3416 1302 3469 mihi
1321 3417 1440 3468 admouit

336 3489 544 3553 adhortationes,
565 3496 594 3539 nt
614 3506 647 3541 ex
667 3491 723 3541 eius
750 3506 865 3557 persona
884 3493 1027 3560 gratiarum
1045 3493 1176 3542 actionem
1195 3490 1360 3541 castissimae
1380 3504 1439 3539 ma.
1513 3497 1514 3528 3

336 3562 369 3615 tri
390 3561 434 3613 dei
453 3560 569 3626 ederem,
590 3564 689 3629 quippe
709 3564 780 3630 quod
798 3564 985 3630 imperatorius
1005 3564 1129 3613 introitus
1148 3562 1306 3628 Byzantium
1328 3560 1439 3627 pericu.

335 3633 445 3702 locique
463 3648 495 3684 ac
514 3632 588 3701 longi
609 3634 708 3687 erroris
728 3635 787 3686 fluis
806 3636 933 3686 memoria
956 3635 1035 3685 unius
1055 3650 1088 3685 ex
1116 3634 1191 3685 iestis
1210 3635 1238 3684 in
1257 3632 1331 3684 iilius
1350 3630 1438 3682 hono.
1513 3629 1514 3686 ἶ

335 3720 391 3759 rem
411 3704 556 3757 celebratis
586 3704 670 3758 iactus
702 3714 781 3757 esset.
819 3706 948 3757 auxilium
977 3720 1043 3757 vero
1062 3706 1115 3756 nisi
1144 3705 1178 3756 ab
1205 3720 1238 3755 ea
1255 3718 1310 3755 non
1328 3702 1439 3755 allatum
1513 3745 1514 3764 ,

338 3790 398 3828 esso
417 3790 471 3829 non
491 3777 578 3843 putuit
594 3792 649 3829 non
667 3779 695 3829 in
717 3778 842 3829 confesso
863 3794 932 3829 esse.
954 3776 1104 3829 huiusmodi
1123 3777 1270 3828 orationem
1287 3791 1368 3844 quum
1387 3789 1438 3842 ego

278 3884 282 3889 -
338 3846 484 3902 studiosius
508 3850 717 3914 composuissem
745 3849 1084 3917 voluntatifimperatricis
1111 3847 1271 3912 obsecutus,
1296 3850 1439 3913 imperator

339 3932 396 3971 eam
424 3920 591 3985 conspicatus
620 3936 668 3989 pro
693 3936 783 3973 amoro
812 3923 936 3989 concepit
961 3922 1065 3984 odium,
1094 3920 1164 3987 quod
1186 3921 1308 3971 nimirum
1333 3932 1388 3969 non
1407 3917 1440 3969 ad

228 4002 230 4007 ·
337 4004 411 4044 suam
431 3990 595 4056 prudentiam
623 4000 703 4061 atque
730 3992 856 4044 bellicam
880 3994 1003 4061 peritiam
1030 3992 1144 4045 victoria
1170 3999 1225 4043 tota
1253 3990 1338 4042 relata
1357 3996 1439 4052 esset,

337 4060 385 4115 sed
403 4060 435 4113 ad
455 4068 562 4113 matrem
583 4062 636 4127 dei,
657 4064 733 4131 qussi
752 4078 848 4131 corpus
867 4073 998 4116 mortuum
1017 4065 1109 4132 ligneo
1139 4064 1241 4115 cuidam
1269 4062 1370 4113 icretro
1387 4062 1440 4111 im-

336 4133 452 4203 positum
470 4134 648 4199 importasset.
696 4135 745 4187 hac
776 4153 807 4187 re
840 4139 962 4204 equidem
988 4134 1128 4201 perculsus
1156 4136 1180 4186 ei
1199 4134 1393 4201 malignitatem
1412 4133 1440 4182 iu

336 4222 379 4259 me
401 4203 580 4273 opprobravi3
600 4206 754 4273 imperatrix
773 4215 861 4259 antem
887 4210 966 4261 Irene
986 4214 1013 4257 et
1032 4206 1123 4257 verbis
1144 4206 1326 4273 asperioribus
1344 4211 1372 4255 et
1390 4203 1440 4254 dc.

213 4286 223 4293 ’
337 4277 400 4331 inde
420 4276 501 4329 rebus
524 4278 648 4343 ostendit,
671 4288 784 4347 quantae
804 4281 941 4348 nequitiae
957 4279 1015 4344 ipsa
1032 4278 1155 4341 maritum
1174 4284 1309 4345 argueret.
1347 4290 1440 4343 quam.
1513 4259 1514 4328 i

315 4358 316 4362 ’
338 4364 415 4425 quam
433 4350 502 4404 euim
520 4364 618 4421 magno
639 4350 727 4421 studio
746 4351 879 4418 deiparae
905 4349 1071 4417 splendidum
1097 4353 1177 4419 utque
1196 4355 1377 4416 sumptuosum
1398 4346 1440 4398 fe.
