3184 5100
320 410 394 483 286
622 410 847 479 NlOEPlIORl
879 406 1108 477 GREGORAE

252 605 310 658 u
426 572 554 639 Τούτων
580 575 607 637 δ’
638 569 722 637 ούτω
752 575 926 655 λεγομένων
960 574 1041 646 τινὲς
1068 572 1131 633 τούν
1166 570 1221 653 τῆς
1251 570 1423 652 γερουσίας

321 673 461 758 μάλιστα
484 680 586 761 φιλων
603 677 646 762 τῷ
665 679 812 763 Παλαμρῖ
836 677 890 739 καί
912 669 1074 754 ὁμοδόξων
1095 670 1176 753 ύμού
1198 673 1253 735 καί
1273 694 1421 753 συναγω-

320 780 435 841 νιστούν
460 772 702 859 ύπεψιθύρισαν
736 774 816 856 πρὸς
852 768 907 850 oric
938 777 982 863 τῷ
1006 777 1036 838 Γ
1035 774 1154 859 ρηγορρῖ
1175 768 1229 855 ’μη
1265 770 1421 836 σκώπτειν

320 878 395 961 μηδ’
426 879 458 951 ές
494 879 643 942 τοσοῦτον
667 878 896 960 εἰρωνεύεσθαι
928 874 1007 958 πρὸς
1044 868 1146 957 ἄνδρα
1178 875 1346 937 έπιόκοπον
1369 870 1423 935 καί

320 975 506 1060 πολιύντὴν
537 980 645 1061 τρίχα.
696 976 779 1040 κατά
803 974 918 1060 μικράν
948 969 1006 1039 ούν
1038 973 1054 1037 ύ
1081 978 1111 1039 Γ
1110 976 1246 1060 ρηγοροῖς
1278 970 1447 1055 ε’πισχώνὸ

319 1079 374 1143 καί
401 1079 541 1154 αἰιούοας
572 1076 790 1159 ἀνελάμβανεν
825 1070 921 1153 αύθις
949 1076 1003 1141 τδν
1041 1072 1142 1158 λόγον.
1194 1078 1249 1139 καί
1275 1074 1315 1159 δη
1333 1070 1421 1137 “e'‘on

319 1183 378 1261 μέν
399 1172 474 1242 ούν”
496 1183 593 1265 φησίν
612 1178 671 1243 “τά
691 1182 725 1241 έν
744 1184 782 1263 τῇ
804 1182 895 1265 φωνῇ
916 1180 978 1241 τῶν
1002 1180 1034 1241 έν
1054 1181 1091 1264 τῇ
1111 1180 1205 1265 ψυχῇ
1219 1174 1421 1260 παθημάτων

320 1282 478 1399 σύμβολα,
504 1282 560 1344 καί
580 1280 619 1343 τά
639 1276 829 1403 γραφόμενα
853 1282 917 1343 τοῖν
938 1281 971 1343 ἐν
993 1282 1033 1364 τῇ
1065 1280 1164 1365 φωνῇ,
1188 1301 1255 1360 ητις
1278 1274 1317 1358 δη
1341 1272 1420 1339 κατά

321 1382 421 1464 φύσιν
443 1373 605 1461 ἄναρθρος
633 1372 713 1443 σύοα
735 1376 891 1463 εναρθρος
912 1382 1032 1461 γίνεται
1053 1383 1166 1459 θέσει,
1189 1381 1230 1442 δι’
1254 1374 1419 1456 ὀνομάτων

320 1504 355 1545 τε
377 1506 429 1543 και
454 1477 605 1566 ῥημάτων
627 1479 788 1599 ύιγιγβνοις
810 1483 1059 1563 παρεορημένων
1080 1477 1271 1562 α’νθρούποις.
1295 1475 1334 1541 τά
1358 1473 1417 1557 γάρ
1433 1480 1464 1535 10

321 1583 431 1662 πρῶτα
454 1581 535 1644 κατά
561 1582 670 1666 φύσιν,
693 1575 749 1644 άτε
770 1572 846 1645 ὄντα
869 1580 971 1659 ύπλᾶ,
998 1606 1049 1644 και
1071 1577 1208 1664 πρότερα
1231 1578 1335 1662 δηποο
1357 1600 1421 1639 των

322 1706 378 1745 κατ
381 1671 615 1776 ’έπιτηδεοοιν
648 1681 703 1752 καί
723 1676 933 1746 συνθέτωνι
917 1685 1010 1761 οιῆς
1034 1681 1186 1765 α’ληθείος
1216 1678 1421 1743 δεδικαίωκεν

322 1775 402 1845 εἶναι
424 1780 525 1903 λόγος.
569 1782 709 1904 πρρτερα
730 1774 795 1865 άρα
816 1805 878 1846 των
898 1783 931 1845 έν
951 1784 990 1867 τῇ
1015 1786 1105 1867 φωνῇ
1127 1781 1327 1864 σημαντικῶν
1350 1778 1423 1841 ύνο-

321 1882 432 1963 μάτων
455 1882 538 1964 ύμσύ
566 1907 618 1947 και
642 1880 796 1968 ῥημάτων
824 1883 862 1945 τά
886 1883 920 1945 έν
943 1884 981 1968 τῇ
1010 1884 1103 1968 ψυχῇ
1124 1881 1297 1963 παθήματα
1320 1876 1422 1943 εἶτοαν

323 1983 477 2065 νοήματα.
501 1979 632 2069 ἔμφυτα
656 1984 717 2066 γάρ
741 1982 886 2064 νοήματα
899 1974 956 2059 κάξ
977 1977 1175 2063 αύτοχθύνοο
1198 1982 1297 2063 πηγῆς
1320 1980 1423 2062 α’πορ-
1434 1996 1467 2049 15

323 2080 447 2166 ῥέοντα,
471 2086 573 2147 ε’κεῖνα
598 2084 627 2145 δ’
653 2083 845 2165 ύοτερογενῆ
877 2086 932 2147 καί
952 2084 1111 2165 ε’πίκτητα.
1162 2071 1207 2145 ὧν
1229 2082 1287 2141 ούκ
1309 2076 1347 2141 δν
1365 2078 1423 2141 α’ν-

323 2181 465 2265 θρύιιοις
487 2186 640 2268 ε’δέηοεν,
666 2185 697 2248 εἰ
726 2179 862 2262 δύναμις
891 2184 961 2266 ε’νην
994 2183 1182 2267 προφαίνειν
1211 2175 1361 2263 ἀλληλοις
1383 2174 1422 2241 τά

323 2287 377 2366 τῆς
400 2286 543 2360 διανοίας
566 2285 734 2367 κινήματα.
772 2283 865 2349 “otoo
886 2280 1003 2367 yoip''‘ti
1024 2287 1122 2366 μέγας
1144 2279 1240 2367 φησίν
1252 2276 1422 2353 Διονύσιος

318 2382 461 2448 “ellium
483 2382 563 2449 κατά
585 2382 640 2449 τύν
663 2383 763 2467 ύρθύν
784 2385 875 2467 λόγον
896 2378 945 2449 ὅτι
979 2386 1149 2466 στοιχείοις
1171 2384 1226 2447 καί
1247 2384 1423 2459 συλλαβαῖς

324 2488 380 2549 καὶ
399 2491 500 2565 λέξεσι
524 2489 579 2551 καί
599 2496 739 2572 γραφαῖς
761 2488 815 2552 καί
836 2486 938 2570 λύγοις
965 2486 1122 2570 χρώμεθα
1144 2482 1197 2549 διά
1221 2483 1278 2560 τάς
1301 2478 1422 2562 αιόθη·
1433 2498 1468 2554 20

326 2611 412 2666 σεις,
436 2586 481 2664 uic
500 2582 578 2652 ὅταν
604 2583 696 2670 ἡμῶν
717 2585 849 2671 ἦξψαχη
871 2597 942 2664 ταῖς
965 2595 1090 2672 νοεραΐς
1112 2589 1284 2669 ἐνεργείαις
1308 2583 1362 2648 ε’πί
1383 2579 1423 2646 τά

206 2686 423 2772 Ηδὸταοητά
446 2693 593 2771 κινῆται,
617 2689 772 2772 ,περιττοί
799 2687 880 2770 μετά
906 2692 968 2753 τῶν
992 2690 1154 2771 αἰσθητῶν
1177 2685 1210 2752 αἱ
1231 2681 1427 2767 αιόθησεις.”

191 2830 199 2836 -
261 2787 380 2855 ”ord
404 2788 466 2877 γάρ
487 2787 523 2853 τὸ
544 2791 584 2876 τῇ
605 2793 736 2877 σαρκίνῃ
762 2794 915 2878 περιβολῇ
936 2788 993 2875 τὴν
1016 2781 1116 2875 φύσιν
1136 2789 1227 2874 ἡμῶν
1248 2787 1428 2870 περιείργε-

426 3091 574 3149 nieutona
596 3094 701 3165 quidum
720 3096 816 3162 exiis,
835 3094 880 3166 qui
909 3094 936 3148 in
957 3095 1073 3148 concilio
1095 3101 1178 3160 erunt,
1197 3090 1350 3146 amicissimi
1371 3088 1424 3144 Po.¹

325 3164 412 3221 iamne
433 3177 459 3220 et
478 3171 676 3222 consentientes
696 3187 754 3223 cum
777 3183 809 3220 eo
828 3168 1140 3258 etsocii,insurrurunt
1159 3167 1299 3218 oduntem
1319 3165 1425 3247 Grego-

328 3256 384 3304 rae‚
403 3256 438 3291 ne
457 3239 584 3292 illuderet
608 3257 678 3292 neve
699 3243 765 3292 adeo
788 3223 913 3292 irrideret
942 3239 1096 3305 episcopum
1121 3238 1226 3306 cupillis
1253 3237 1425 3288 canescenti.

241 3332 245 3338 ’
325 3311 384 3364 bus.
422 3311 615 3379 aliquantulum
642 3313 724 3380 igitur
744 3313 877 3378 Gregoras
902 3311 1026 3362 desinens
1053 3319 1079 3361 et
1100 3311 1169 3362 dicto
1189 3310 1298 3361 audiens
1319 3309 1425 3358 oratio.

325 3399 385 3433 nem
415 3383 502 3434 denuo
528 3384 656 3450 suscepit.
694 3391 755 3435 sunt
775 3384 891 3450 quidem,
916 3383 1012 3450 inquit,
1031 3381 1141 3448 linguae
1164 3381 1323 3432 mutationes
1342 3377 1425 3428 animi

325 3455 499 3506 mutationum
518 3454 613 3521 rigna.
634 3463 661 3505 et
677 3455 772 3506 literae
791 3455 965 3506 mutationum
984 3453 1102 3536 linguae,
1122 3469 1190 3520 quoe
1211 3447 1316 3520 quidem
1336 3464 1425 3501 cumo

325 3535 420 3578 notura
438 3526 474 3578 eit
503 3525 691 3589 inerticulam,
710 3525 851 3576 articulato
878 3533 918 3576 est
937 3526 1146 3607 compositione3
1168 3523 1268 3575 auxilio
1287 3523 1425 3574 nominum

327 3605 355 3648 et
374 3597 516 3649 verborum
535 3596 568 3647 ab
587 3596 737 3648 hominibus
757 3599 871 3663 posteris
891 3597 1068 3648 inventorum.
1106 3597 1191 3662 prima
1210 3596 1278 3646 enim
1299 3593 1425 3661 quoniam

326 3678 419 3720 nature
437 3668 569 3735 simplicit
595 3676 675 3732 eunt,
701 3669 778 3720 etium
806 3670 896 3734 priora
921 3668 1039 3720 tractatis
1070 3675 1097 3718 et
1121 3667 1274 3734 componitis
1301 3665 1425 3719 veritatis

327 3741 433 3790 censuit
461 3755 521 3792 οεεο
546 3740 624 3791 ratio.
666 3740 770 3805 priores
794 3741 877 3806 igitur
903 3739 1012 3807 linguae
1042 3738 1252 3806 significantibus
1271 3735 1424 3789 nominibus

327 3810 471 3877 verbisque
492 3818 554 3862 eunt
571 3812 652 3862 animi
669 3812 830 3863 mutationes
851 3812 910 3863 eive
930 3813 1056 3878 cogitata,
1076 3811 1156 3861 insita
1176 3810 1244 3860 enim
1263 3816 1324 3860 sunt
1343 3807 1423 3874 cogi.

327 3888 382 3932 toto
402 3888 428 3930 et
447 3895 482 3931 ox
502 3883 593 3932 innato
613 3881 686 3932 fonte
705 3890 825 3934 manunt:
846 3882 893 3933 illa
915 3889 1001 3939 autem
1023 3889 1132 3947 postera
1150 3888 1177 3930 et
1198 3880 1305 3930 adscita!
1327 3878 1424 3945 quibus

327 3965 381 4002 non
401 3965 467 4017 opus
488 3960 561 4003 esset
577 3952 737 4018 hominibus,
754 3953 910 4006 oifucultas
924 3960 1080 4019 suppeteret
1093 3952 1289 4011 demonstrandi
1308 3950 1359 4002 sibi
1379 3950 1424 3998 in.

327 4023 414 4074 vieem
433 4022 513 4072 enimi
527 4025 668 4074 motiones.
705 4040 819 4076 necesse
831 4033 871 4076 est
890 4026 969 4087 enim,
990 4025 1027 4075 nit
1047 4025 1191 4088 Dionysius
1213 4037 1333 4090 mugnus,
1352 4021 1424 4077 scire

327 4093 473 4145 secuudum
494 4094 521 4144 id
539 4094 610 4159 quod
631 4110 721 4145 verum
739 4104 789 4159 eet,
807 4111 855 4147 nos
874 4095 960 4146 literis
981 4103 1007 4146 et
1024 4094 1135 4160 syllabis
1156 4102 1182 4144 et
1201 4095 1291 4146 verbis
1311 4099 1338 4143 et
1353 4091 1424 4144 scri.

327 4165 412 4230 pturis
430 4164 469 4215 uti
488 4172 597 4231 proptor
616 4166 870 4229 animadversiones,
891 4183 949 4218 oum
966 4166 1011 4217 ubi
1030 4167 1132 4217 unimus
1142 4172 1233 4216 noster
1253 4163 1424 4231 intelligendi

326 4234 430 4287 viribus
446 4236 480 4288 ud
498 4251 530 4286 ea
549 4252 618 4303 quae
635 4237 753 4307 intelligi
772 4246 885 4306 possunt
898 4245 1030 4301 moretur,
1050 4253 1108 4288 oum
1128 4236 1318 4288 animadversis
1336 4233 1424 4286 rolin.

328 4314 442 4379 quantur
461 4310 715 4361 animadversiones.
763 4325 822 4362 curn
851 4312 921 4362 euim
941 4325 1021 4362 corno
1039 4309 1200 4362 circumdata
1219 4315 1313 4362 nutura
1330 4313 1423 4360 oottro
