3184 5100
302 386 385 471 too
605 398 832 469 dimaon
863 396 1102 468 enmontu

310 570 409 633 doura
429 572 497 644 τοῖς
519 562 751 651 αἰσθησηρώις.
774 561 812 627 οῦ
835 560 898 649 γὰρ
921 559 1145 645 διδασκόμεθα
1174 566 1252 647 παρ’
1283 558 1424 638 οὐδενὸς

306 668 437 752 βλέπειν
463 662 485 753 ἢ
514 659 692 751 &calamii
721 663 773 733 ῦτι
801 664 886 731 καίει
914 661 950 730 τῦ
976 664 1041 749 πῦρ
1062 663 1118 729 καὶ
1143 661 1266 744 ψυκτόν
1290 660 1423 746 ἤχιών

307 772 363 837 καὶ
387 768 424 835 τὰ
445 772 520 855 μέλι
540 769 648 856 γλυκῦ.
691 766 828 835 aedon
848 765 911 853 γὰρ
933 763 955 850 ἦ
977 763 1129 851 αἴσθησις
1148 763 1264 847 τὰμὲν
1278 762 1420 849 προσίε-

218 955 222 963 ι
305 871 414 939 suenci
434 870 651 938 d’uinouelsrct
671 872 749 951 δίχα
767 866 853 945 τινῦς
876 866 1065 933 ἐπεισάκτου
1075 867 1291 952 γεωμετρικῆς
1313 862 1420 949 ἀνάγ-

307 1000 365 1060 κης
388 974 445 1040 καί
476 974 555 1054 δίχα
582 973 824 1056 συλλογιστικῆς
858 968 1050 1047 ἀποδειξεως
1074 966 1331 1051 οἱασδηποτοῦνς
1355 969 1448 1033 τοῦδ
1509 1044 1510 1065 η

309 1077 506 1161 δημιουργοῦ
526 1075 606 1139 θεοῦ
624 1071 801 1157 πανσόφους
827 1068 1157 1157 προοικονομήσαντάς
1176 1090 1210 1133 τε
1233 1066 1289 1133 καί
1309 1074 1420 1154 προῦ-
1509 1066 1510 1125 l

307 1176 461 1252 ποθέντος
481 1177 522 1262 τῇ
548 1175 647 1262 φύσει
669 1174 895 1258 σπερματικοῦς
925 1168 1044 1237 οῦτωσί
1063 1169 1120 1247 τὰς
1139 1169 1288 1245 τοιαύτας
1311 1168 1419 1255 ἀρχε-
1509 1168 1510 1173 ’

305 1279 420 1365 γόνους
441 1275 544 1363 ῥίζας,
558 1277 690 1363 iodim
703 1275 873 1360 κράτιστον
882 1281 954 1350 ταῖς
963 1274 1222 1357 ἐπιστημονικαῖς
1235 1266 1307 1355 ἑξῆς
1325 1268 1419 1335 ἀπά-

308 1402 381 1453 σαις
401 1378 556 1463 μεθόδοις
576 1377 633 1442 καί
656 1375 878 1455 ἀποδείξεσιν,
906 1379 939 1455 ἔξ
972 1368 1016 1443 οἷν
1039 1376 1069 1443 ol
1092 1376 1336 1459 ἀκαταμάχητοι
1358 1374 1420 1439 καί

308 1479 573 1561 δυσαντίβλεπτον
593 1479 734 1562 μάλιστα
757 1479 815 1561 τῆς
838 1478 991 1564 ἀληθείας
1021 1480 1233 1563 περατοῦνται
1261 1479 1419 1560 συλλογι.
1432 1479 1465 1535 tt

269 1579 395 1664 οσμοί.
418 1581 484 1644 δεῖν
507 1575 571 1665 γὰρ
596 1571 680 1645 εἶναι
696 1576 754 1654 τὰς
777 1576 883 1665 ἀρχὰς
903 1581 967 1643 uuis
984 1577 1207 1663 συλλογισμῶν
1220 1572 1419 1641 αὐτοδιδάκ-

306 1702 382 1757 τους
409 1682 466 1747 καί
487 1678 622 1747 αὐτόθεν
653 1682 792 1762 ἐχαιλσας
814 1678 849 1746 τῦ
872 1678 984 1747 πιστὸν
1005 1680 1062 1747 καί
1086 1677 1312 1763 ἀναντίρρητον
1330 1696 1418 1739 παν-

306 1783 409 1863 ταχοῦ
429 1780 486 1849 nat
517 1779 674 1867 ὁμόλογον
700 1783 734 1861 ἐξ
765 1766 913 1847 ἁπάντων
945 1777 981 1845 τὸ
1004 1777 1266 1865 συγκεχαρηκάς,
1297 1770 1420 1851 οῦςιάν

308 1879 563 1969 ἒξῦρμητηρίου
581 1882 718 1965 βεβαίου
740 1880 796 1947 καί
820 1879 986 1966 ἀσφαλοῦς
1011 1886 1083 1955 ταῖς
1111 1880 1175 1943 νῦν
1194 1878 1306 1963 σοφῶν
1331 1874 1419 1939 ἀπο-

309 1985 478 2063 δεικτικοῖς
501 1989 625 2070 φαναῖς
655 2006 690 2049 τε
711 1983 768 2049 καί
787 1981 941 2067 γλοῦτταις
961 1978 1163 2063 κινουμέναά
1188 1976 1349 2064 ἀγώγιμον
1371 1974 1419 2053 οἷς
1430 1986 1464 2039 15
1510 1964 1511 2041 l

436 2106 464 2171 φ
488 2084 546 2151 καί
567 2084 652 2172 φατὶ
669 2084 770 2169 μέχρι
787 2085 845 2149 τοῦ
866 2084 1081 2169 προσήκοντος
1101 2075 1221 2168 ἑκάστῳ
1244 2078 1416 2166 συμπερά-
1510 2078 1511 2089 ’

309 2210 430 2270 σματος
448 2185 484 2253 τὸ
503 2190 560 2271 τῆς
583 2185 738 2272 ἀληθείας
757 2183 808 2271 εἴη
831 2184 1047 2271 πορευόμενον
1054 2183 1201 2271 ιμῦγενές.

272 2322 294 2377 η
410 2288 481 2357 Καὶ
501 2289 540 2354 ἵν’
563 2284 779 2373 ῦποιλειγμασι
804 2287 892 2373 τρισί
923 2288 980 2351 καί
1012 2285 1144 2371 τέτρασι
1165 2284 1418 2369 διαλευκανθείη

303 2390 348 2464 ⁴roi
372 2389 550 2476 εἰρημένα,
571 2389 757 2477 προκείσθω
779 2392 837 2456 νῦν
862 2389 1054 2464 διδάσκαλος
1082 2386 1160 2473 ἡμῖν
1190 2384 1208 2452 ὅ
1237 2388 1339 2473 μέγας
1358 2390 1419 2472 τῆς

308 2492 477 2578 ἐκκλησίας
499 2489 634 2578 φωστὴρ
655 2492 844 2572 Διονύσιος,
874 2493 991 2560 ἐκτῶν
1012 2492 1053 2578 τῇ
1076 2489 1229 2576 αἰσθήσει
1242 2489 1461 2576 γνωριμωνλθ

308 2592 365 2658 καί
384 2590 520 2659 αὐτόθεν
537 2591 573 2658 τῦ
596 2591 708 2660 πιστὸν
730 2594 870 2675 ἐχόντων
887 2593 944 2658 καί
966 2591 1087 2660 ἀπασιν
1103 2589 1358 2678 ὦμολογημένων
1378 2589 1418 2656 τὸ

201 2681 207 2690 ’
309 2692 555 2780 συγκεχωρηκὸς
576 2698 743 2781 παριστῦν
762 2693 799 2760 τῦ
822 2695 1022 2781 ζητοῦμενον.
1065 2692 1172 2759 θέλων
1197 2691 1262 2780 γὰρ
1284 2691 1418 2771 tetum

306 3029 368 3069 reae
387 3014 513 3070 nodosas
541 3023 571 3070 et
587 3017 711 3071 notitiae.
747 3033 809 3072 usna
828 3019 899 3088 quod
917 3017 1039 3072 uidemus
1059 3030 1110 3071 nos
1129 3014 1309 3081 etardum,
1333 3016 1415 3070 modo

307 3086 400 3158 palato
425 3087 515 3140 dulcis
546 3095 574 3140 et
596 3104 687 3142 sinuo
713 3090 897 3158 percipimus,
919 3089 997 3142 modo
1021 3103 1117 3156 aspera
1140 3094 1167 3140 et
1183 3086 1258 3140 levis
1271 3093 1364 3156 tactu,
1388 3097 1417 3140 et

309 3159 381 3230 quod
401 3157 503 3212 calldus
523 3165 551 3212 et
568 3160 665 3213 ardens
683 3161 754 3230 ignis
775 3169 831 3228 est,
848 3162 896 3214 nix
915 3159 1027 3230 frigida,
1048 3159 1239 3228 perceptiones
1260 3173 1416 3212 communes

310 3238 419 3284 suntet
439 3231 565 3300 propriae
582 3246 717 3284 sensuum.
754 3249 845 3300 neque
865 3233 934 3284 enim
959 3247 974 3284 a
993 3245 1126 3301 quoquam
1152 3231 1295 3283 edocemur
1319 3229 1417 3282 ridere

310 3309 338 3354 et
366 3301 458 3354 audire
483 3309 530 3354 sut
547 3303 636 3370 ignem
660 3304 772 3370 ardere,
799 3305 902 3373 frigere
929 3304 1035 3368 nivem,
1064 3301 1118 3354 mel
1144 3301 1224 3354 dulce
1249 3317 1318 3353 esse.
1365 3317 1416 3353 sua
1511 3355 1512 3374 η

308 3380 406 3442 sponte
426 3373 495 3424 enlm
516 3388 610 3426 sensus
630 3372 664 3426 sd
683 3373 736 3427 slis
755 3373 884 3439 inclinat,
903 3374 957 3428 aliu
971 3373 1055 3444 sugit,
1074 3371 1151 3424 nulls
1174 3373 1275 3424 adscita
1299 3385 1416 3440 geome.
1511 3417 1512 3422 ,

308 3445 377 3496 trica
394 3444 557 3496 necessitate
576 3443 623 3496 uel
643 3444 836 3514 alioquolibet
855 3445 1095 3516 argumentatione.
1133 3443 1156 3496 si
1176 3443 1246 3494 enirn
1265 3443 1330 3494 deus
1349 3444 1416 3496 uui.

308 3515 384 3568 rersi
402 3523 558 3584 procreator
581 3516 659 3568 initio
678 3517 814 3570 distribuit
835 3527 862 3570 et
880 3517 974 3572 iniecit
992 3523 1103 3568 naturae
1122 3515 1224 3568 semina
1242 3513 1291 3566 hos
1309 3514 1416 3566 radices

309 3586 482 3656 primitivos,
508 3585 677 3639 fundamenta
695 3589 845 3641 certissima
865 3589 894 3639 in
913 3588 1026 3641 scientia
1044 3601 1203 3656 quacunque
1233 3585 1417 3654 comprehen-

310 3657 396 3710 denda
415 3667 442 3710 et
461 3659 674 3711 demonstranda.
713 3661 784 3712 unde
803 3659 904 3712 invicta
923 3667 949 3710 et
967 3658 1013 3711 vel
1034 3659 1147 3710 maxime
1163 3657 1271 3710 stabilia
1289 3657 1416 3710 veritatis

310 3737 466 3798 argumenta
482 3737 618 3798 petuntur.
654 3745 715 3782 num
733 3720 951 3800 argumentorrlm
969 3731 1061 3784 dicunt
1080 3730 1213 3798 principia
1239 3743 1335 3796 perse
1363 3727 1416 3780 de.

309 3799 376 3852 ltere
396 3815 457 3853 esse
475 3800 552 3866 duta,
573 3809 601 3853 et
618 3817 687 3871 quae
705 3817 755 3869 per
774 3819 804 3856 se
824 3803 901 3856 iidem
920 3799 1037 3854 habeant
1056 3811 1083 3856 et
1098 3802 1206 3854 omuino
1225 3801 1300 3853 lirina
1314 3801 1368 3852 siut
1387 3807 1417 3852 et

310 3869 467 3940 quibuscum
486 3872 594 3940 singula
615 3874 704 3925 omnia
722 3876 900 3927 consentiant.
938 3875 1014 3943 quael
1037 3889 1096 3925 oum
1115 3873 1157 3924 his
1183 3873 1271 3924 omnia
1295 3887 1416 3924 consen.

309 3941 393 4005 νίκαις
410 3945 487 4012 quasi
507 3945 613 3996 ratione
630 3946 800 4016 instigatrice
826 3945 936 4016 quadum
959 3944 1034 3997 drusa
1060 3961 1092 3996 sc
1121 3951 1194 3996 certa
1213 3943 1299 3996 innixi
1319 3941 1416 4011 philo.

309 4011 389 4098 sophi
407 4021 532 4083 tauquam
552 4013 601 4069 sub
613 4016 673 4069 sole
691 4017 724 4070 ab
742 4017 806 4070 lnce
823 4019 852 4070 iu
866 4017 1077 4087 argumentando
1091 4013 1249 4084 protrahere
1263 4016 1368 4083 possint
1381 4013 1416 4066 ud
1443 4017 1449 4024 “

310 4099 440 4154 carusque
455 4086 497 4138 rei
517 4101 608 4139 verum
625 4090 825 4156 necessitatem,
843 4089 898 4142 rim
919 4088 1052 4140 ueritatis.

411 4183 465 4238 oet
482 4190 514 4236 ut
534 4185 666 4252 exemplis
684 4186 771 4240 tribou
789 4185 836 4240 uel
854 4195 969 4255 quatuor
986 4184 1155 4238 illustrentur
1176 4197 1246 4252 quse
1264 4183 1418 4235 dictasunt

315 4253 387 4308 diost
402 4270 475 4308 unse
492 4257 621 4326 magister
638 4266 731 4313 noster
748 4273 861 4327 maguus
885 4257 934 4310 ille
953 4255 1088 4310 ecelesiae
1107 4255 1251 4323 sospitator
1269 4253 1418 4318 Dionysius

314 4326 361 4397 qui
373 4339 414 4414 οσε
432 4326 467 4399 iis
485 4341 555 4411 quoe
573 4327 759 4414 percipiuntur
787 4327 911 4410 sentibus
930 4334 957 4381 et
973 4340 1022 4397 per
1044 4341 1076 4382 se
1094 4326 1172 4394 fldem
1190 4324 1290 4380 habent
1310 4329 1338 4384 ot
1355 4335 1421 4378 sum
