3184 5100
338 409 385 483 ιο
437 388 440 393 ’
642 407 867 479 manantur
904 399 1136 476 annoonin

237 647 240 652 ,
336 578 433 660 μένην
451 572 649 657 ἀποστόλων,
672 574 742 638 λίαν
765 574 910 654 α’σμέιως
934 565 1018 636 είόον
1047 568 1095 635 ἔτι
1116 576 1232 654 σημεῖα
1251 570 1369 650 ψυχαῖν
1392 571 1441 649 εἰς

337 674 503 756 εύσέβειαν
524 678 738 758 θερμοτέραν.
782 662 944 760 rodanim
968 671 1024 736 καί
1044 668 1214 752 ἐθαύμασα
1235 672 1355 751 μᾶλλον
1376 671 1440 732 αό-

335 775 391 859 τὴν
416 778 458 840 δι’
481 775 561 840 αότό
586 799 620 856 γε
635 776 725 840 τουτί
743 770 764 858 ἢ
786 775 840 840 διὰ
861 765 982 854 κόλλα,
1004 771 1105 836 όπόσα
1126 773 1166 858 τῇ
1188 768 1274 833 πόλει
1294 775 1440 852 περίεστι

335 875 374 942 τό
399 876 489 942 καλό.
544 879 600 959 τῆς
632 876 692 960 peip
728 872 913 961 ἀλλοφύλου
950 878 1122 957 θρησκείας
1159 875 1442 957 συμπεφυρμένως

335 975 588 1061 ἐπιπολαζούσης
612 977 680 1040 ἐκεῖ
697 971 900 1058 πανταχόθεν
920 979 975 1039 κατ’
997 975 1151 1061 πανταχῇ,
1183 966 1239 1035 ὅτε
1263 975 1316 1055 τῆς
1337 969 1465 1054 Ἀρά-5

335 1081 401 1158 βων
434 1081 635 1162 ἐπικρατείας
656 1074 689 1156 ἐξ
713 1072 905 1159 Αἰγύπτου,
936 1079 1059 1156 μᾶλλον
1093 1075 1123 1138 θ’
1152 1075 1186 1136 ἐκ
1210 1071 1364 1156 Κυρήνης
1386 1075 1443 1136 καί

338 1174 572 1256 Πενταπόλεως
603 1182 658 1244 καί
684 1181 745 1244 τεόν
767 1201 802 1261 με
830 1175 879 1241 ἔτι
910 1178 1020 1242 τούτου
1046 1176 1238 1259 προσωτέρω
1269 1172 1442 1256 όνηκοόσης

338 1274 416 1363 όχρι
437 1277 492 1344 καί
512 1275 545 1354 ές
574 1279 611 1344 τό
636 1283 692 1364 τῆς
709 1274 911 1362 Ἀντιοχείας
935 1280 1100 1357 ἐπέκεινα,
1121 1276 1292 1356 συμβαίνει
1313 1275 1366 1336 καί
1386 1274 1442 1357 τῆς

337 1381 505 1465 Ἀραβικῆς
532 1383 703 1464 θρησκείας
734 1381 889 1462 δείγματα
921 1377 1067 1462 πανταχῇ
1107 1377 1164 1457 τῆς
1192 1375 1247 1457 γῆς
1279 1369 1442 1456 ύπύρχειν

215 1495 237 1550 i.
256 1492 327 1548 98b.
339 1483 467 1566 ἐκείνης.
511 1481 560 1543 διὸ
582 1483 638 1545 καί
657 1480 888 1562 ἀντεχομένους
906 1482 976 1544 ἐκεῖ
990 1479 1105 1564 κομιδῇ
1126 1481 1150 1516 ¹¹
1171 1477 1235 1540 τεόν
1254 1474 1444 1554 Ἀντιοχέων
1454 1487 1486 1540 10

338 1579 437 1657 αότός
458 1580 544 1664 όροόν
564 1581 640 1656 τούς
660 1581 800 1663 εόσεβοός
820 1576 989 1662 ἑλομένους
1013 1580 1070 1662 ζην
1092 1573 1173 1659 ύπέρ
1212 1576 1275 1639 τόν
1297 1573 1443 1656 πατρίων

337 1686 392 1766 τῆς
416 1679 582 1763 εόσεβείας
606 1681 770 1764 δογμάτων
794 1675 872 1766 ἄχρι
898 1685 1040 1746 θανάτου
1074 1681 1210 1760 δεῆσαν,
1238 1675 1291 1739 daei
1312 1676 1443 1756 μακροῦ

338 1785 395 1849 τού
416 1778 582 1863 θαύματος
611 1780 786 1867 ἐποιούμην
814 1788 892 1858 τέως
921 1780 981 1866 έγύ
1013 1779 1048 1845 τό
1074 1780 1200 1859 ἐκείνων
1219 1779 1363 1861 πρᾶγμα,
1387 1772 1443 1838 κατ’

317 1888 371 1961 -ές
394 1882 451 1970 την
473 1879 571 1948 πύλαι
592 1883 718 1969 μιόμην
740 1885 854 1967 α’νῆχον
877 1882 977 1957 ου’θύς
998 1883 1118 1965 ἐκείνην
1137 1878 1191 1944 τόν
1209 1881 1295 1943 νούν.

275 2003 332 2053 lo
440 1978 522 2050 Εἶεν.
566 1981 647 2049 diti
669 1983 750 2064 μετὰ
771 1983 880 2068 βραχύ
901 1985 1048 2046 ια’κεῖθεν
1074 1979 1199 2063 α’πόρας
1227 1974 1340 2064 ἀπῄειν
1362 1966 1442 2059 όχρι
1453 1987 1484 2039 15
1509 1976 1510 1979 ’

341 2088 395 2150 καί
416 2087 461 2160 εἰς
477 2083 598 2170 Ἰσσόν,
631 2082 709 2150 ἔνθα
729 2083 804 2161 τούς
825 2082 994 2156 Κιλικίους
1021 2081 1168 2155 αόλοόνας
1188 2082 1251 2144 τοόν
1274 2079 1444 2162 Ταυρικῶν

340 2185 549 2270 παραψαύειν
578 2188 663 2268 όροόν
691 2185 809 2268 σχεδόν
830 2187 928 2251 εἰπεῖν
956 2187 990 2249 ἐκ
1016 2177 1145 2269 φύσεως
1165 2183 1365 2266 συνηνέχθη·
1410 2178 1444 2252 ές

342 2289 474 2352 τοσοῦτο
495 2285 557 2368 χόρ
588 2283 787 2371 βραχύτητος
822 2284 839 2348 ό
875 2281 992 2364 μεταξύ
1022 2286 1224 2348 συστέλλεται
1246 2282 1352 2364 χῶρος
1378 2281 1450 2376 ἐκεῖ

342 2385 375 2452 έκ
394 2409 426 2453 τε
445 2383 602 2470 θαλάττης
625 2390 679 2451 καί
700 2384 784 2469 όρσῖν
805 2385 931 2452 ἐκείνων
961 2377 1041 2450 όόστε
1061 2386 1118 2447 καί
1135 2381 1234 2447 πύλαι
1255 2389 1320 2457 τοῖς
1342 2377 1444 2445 πόλοι

343 2488 647 2573 προσηγορεύθησαν
670 2489 806 2553 Ίσοικαί
821 2510 854 2553 τε
885 2480 953 2569 ἅμα
983 2489 1039 2551 καί
1065 2486 1230 2571 Συριακοί.
1280 2486 1335 2549 καί
1356 2481 1486 2559 πόλὶςςο

343 2592 371 2654 d’
386 2588 473 2655 ἔστιν
490 2589 689 2673 Ἀντιοχείας
705 2588 904 2675 ἀρχαιοτέρα
921 2593 1147 2674 παρακειμένη,
1159 2586 1216 2664 ξύν
1228 2609 1264 2671 pa
1278 2585 1446 2675 πλείσταις
1505 2585 1509 2595 ’

342 2688 464 2776 ἑτέραις
488 2691 712 2778 Ἀλεξάνδρεια
751 2697 940 2777 καλουμένη.
995 2693 1116 2776 ταύτην
1148 2688 1210 2773 γὰρ
1239 2690 1446 2770 Ἀλέξανδρος
1508 2711 1509 2738 ³

344 2788 489 2878 ἄνηχειρε
509 2791 636 2877 προότην
670 2784 799 2877 όγαλμα
829 2794 914 2878 νίκης
950 2794 1072 2873 εἰπεῖν,
1102 2784 1141 2874 ἣν
1163 2789 1283 2855 ου’τόθι
1304 2791 1445 2873 Δαρεῖον

344 3086 430 3139 adhoc
448 3084 715 3140 indicia‘animorum
735 3088 881 3141 fervidiore
900 3088 1001 3154 pietate
1021 3102 1194 3141 accensorum
1213 3084 1338 3155 cognovi.
1361 3098 1445 3154 quare

344 3159 378 3210 ob
397 3157 465 3210 hanc
483 3158 566 3225 ipsam
584 3176 640 3211 rem
659 3162 743 3229 magis
765 3160 857 3211 urbem
876 3159 1018 3211 admiratus
1045 3176 1102 3210 sum
1128 3176 1205 3227 quam
1229 3159 1264 3210 oh
1293 3158 1347 3210 alia
1366 3172 1444 3208 com.

343 3231 420 3283 rnoda
441 3237 468 3281 et
489 3239 661 3296 ornamenta,
680 3248 748 3299 quae
770 3232 796 3281 ei
816 3237 966 3297 suppetant.
1012 3230 1085 3282 cultu
1105 3233 1174 3283 enim
1192 3231 1336 3300 peregrino
1356 3229 1444 3281 uude-

344 3317 451 3371 quaque
476 3304 628 3368 promiscue
651 3302 785 3370 gliscente
818 3301 991 3369 omnibusque
1018 3302 1086 3354 locis
1111 3310 1232 3355 exstante
1259 3306 1353 3371 (quum
1373 3302 1444 3351 enim

342 3373 458 3425 Arabum
479 3374 618 3440 imperium
640 3373 702 3423 inde
721 3372 753 3423 ab
771 3372 897 3441 Aegypto
916 3382 961 3425 aut
986 3375 1075 3441 potius
1094 3390 1110 3425 a
1132 3374 1237 3441 Cyrene
1257 3380 1284 3424 ct
1302 3370 1444 3438 Pentapoli

343 3458 374 3493 ao
391 3442 547 3509 regionibus
569 3444 648 3494 etiam
668 3444 856 3496 remotioribus
877 3460 962 3512 usqne
976 3446 1145 3498 Antiochiam
1166 3454 1193 3497 et
1210 3444 1281 3495 ultro
1299 3444 1444 3511 pertineat,
1507 3477 1508 3486 ι

342 3530 392 3565 usu
412 3513 487 3565 venit
505 3522 534 3565 ut
552 3513 685 3587 Arabicae
713 3514 855 3583 religionis
874 3518 991 3586 vestigia
1008 3517 1108 3585 uhiqne
1130 3519 1158 3568 in
1186 3514 1234 3566 illa
1253 3522 1325 3565 terra
1345 3530 1445 3567 occur-

343 3590 427 3655 rant),
446 3585 491 3637 ubi
513 3584 725 3650 Antiochenses,
750 3588 796 3655 qui
816 3589 920 3655 quidem
940 3590 985 3655 pie
1006 3605 1038 3639 ac
1056 3596 1131 3640 recte
1151 3588 1184 3656 de
1202 3584 1337 3652 religione
1355 3588 1447 3637 senti.

343 3665 412 3722 rent,
431 3672 480 3724 pro
499 3658 593 3727 patriis
611 3659 719 3726 pietatis
738 3658 869 3727 dogmatis
890 3659 996 3711 fortiter
1014 3662 1170 3711 resistentes
1189 3656 1326 3718 videbam,
1346 3658 1447 3707 etiam.

344 3729 367 3779 si
388 3734 500 3780 mortem
519 3731 674 3797 perpessuri
694 3731 834 3794 essentia
854 3746 952 3782 summa
971 3747 1027 3781 eam
1046 3745 1102 3780 rem
1120 3728 1294 3780 admiratione
1313 3726 1445 3781 habebam

345 3807 424 3866 atque
438 3800 470 3851 ad
486 3809 604 3853 vaterem
615 3804 767 3854 memoriam
783 3802 864 3853 talem
882 3802 1014 3854 sentiendi
1032 3802 1163 3853 rationem
1177 3801 1264 3853 statim
1282 3799 1444 3853 referebam.

445 3886 571 3941 Getarum
599 3891 679 3957 paulo
706 3900 866 3959 postquam
889 3906 931 3941 me
951 3890 1083 3942 dedissem
1109 3891 1137 3941 in
1158 3891 1238 3955 viam,
1257 3905 1343 3958 usque
1359 3889 1445 3941 issam

345 3956 483 4024 proiectus
504 3975 577 4025 sum,
607 3960 652 4012 ubi
674 3962 814 4017 convalles
836 3962 949 4018 Ciliciae
974 3978 1033 4014 cum
1056 3963 1134 4015 'lauri
1159 3961 1292 4013 monibus
1317 3970 1445 4013 anatura

319 4029 403 4105 ‘iere
423 4030 481 4097 ipsa
511 4033 667 4083 coniunctas
693 4050 752 4086 esse
778 4036 888 4087 dixeris.
925 4042 977 4086 tam
1003 4034 1087 4087 breve
1109 4036 1179 4085 enirn
1197 4034 1312 4101 spatium
1331 4034 1446 4085 interest

346 4100 416 4151 inter
436 4117 509 4153 mare
531 4110 558 4154 et
576 4112 679 4156 montes
698 4104 772 4171 illos,
792 4115 822 4158 ut
840 4114 934 4175 portae
954 4122 971 4157 a
989 4106 1126 4157 veteribus
1148 4114 1175 4157 et
1192 4105 1293 4157 lssicae
1314 4103 1444 4170 etSyria-

346 4186 393 4223 cae
415 4174 677 4242 cognominarentur.
714 4177 778 4229 urbs
799 4179 836 4229 ihi
855 4180 905 4230 sita
927 4186 967 4229 est
986 4178 1120 4244 antiquior
1130 4176 1283 4241 Antiochia,
1302 4192 1361 4227 oum
1381 4175 1444 4242 plu-

344 4244 418 4297 rimis
436 4248 534 4299 ceteris
547 4245 710 4299 Alexandria
727 4248 871 4314 appellata.
910 4265 966 4300 earn
983 4250 1051 4299 enim
1068 4247 1221 4301 Alexander
1239 4248 1315 4316 quasi
1333 4249 1445 4315 primurn

345 4322 484 4385 tropaeum
509 4319 641 4371 victoriae
673 4320 821 4384 excitavit,
845 4336 922 4389 quam
949 4320 986 4371 ibi
1007 4320 1040 4372 de
1058 4320 1141 4372 Dario
1162 4320 1243 4373 Persa
1266 4320 1379 4386 primum
1398 4332 1444 4368 re-
