3184 5100
324 389 398 465 tto
473 425 479 429 -
527 383 531 387 “
615 380 850 461 'somnum
882 392 1117 489 sansonia-
1162 344 1166 355 ⁸

324 561 378 646 νῷ,
398 553 579 641 πεφυκυίας
605 558 665 635 μὲν
696 550 740 627 ὥς
760 553 801 618 τό
833 551 931 619 πολλὰ
961 562 1026 630 τοῖς
1057 550 1178 635 μεταξό
1199 555 1261 618 τῶν
1282 550 1430 638 δροόντων

324 661 379 723 καί
412 657 580 739 δρωμένων
612 665 752 732 τοπικοῖς
781 658 993 740 διαστήμασιν
1022 655 1227 739 ἀπατᾶσθαι,
1260 656 1431 739 ἐφιεμένης

325 762 355 823 δ’
378 750 482 833 ἄλλως
504 755 695 840 όθενδήπστε
717 760 775 821 καί
794 755 998 839 ὁπωσδήποτε
1024 758 1187 839 συλλέγειν
1209 779 1241 820 τε
1272 756 1327 836 τής
1348 755 1430 837 α’λη-

325 865 417 935 θείας
438 858 510 942 ἴχνη
541 861 596 923 καί
623 857 746 934 εἰκόνας
778 857 950 922 ὁποιασοῦν
978 861 1033 922 καί
1054 854 1092 921 τό
1119 859 1174 939 τής
1201 852 1349 939 τοιαύτης
1374 856 1430 918 ιά-

325 959 448 1045 τριόειν
475 957 599 1045 α’πότης
635 960 809 1045 νοσήματα.
865 955 932 1023 ἐστι
959 955 1018 1041 γόρ
1054 956 1087 1021 τό
1119 959 1154 1023 ἐκ
1181 960 1325 1041 κορυφῆς
1348 950 1456 1039 όχρι5

326 1054 475 1143 πώγωνος
497 1052 597 1143 ἄκρου
619 1060 704 1144 φημί
725 1061 780 1142 τής
803 1054 923 1141 ὑπήνης
946 1056 1111 1139 σπιθαμαί
1134 1058 1235 1139 μήκος
1263 1058 1322 1136 μὲν
1344 1054 1426 1119 όκταιΙ
1500 1104 1501 1193 ρ

327 1162 382 1227 καί
401 1160 523 1239 εἴκοσι,
555 1158 672 1235 πλότος
693 1163 729 1223 δέ
749 1160 1055 1241 τεσσαρεσκαίδεκα,
1086 1154 1252 1222 δακτόλων
1284 1155 1348 1221 δ’ὁ
1369 1160 1430 1237 μὲν
1456 1200 1459 1205 -

327 1267 450 1345 πρῶτος
481 1257 563 1325 όκτοό
596 1264 653 1324 καί
677 1255 831 1344 ήμισείαςι
851 1256 885 1324 τό
897 1262 1035 1341 μήτιος,
1067 1259 1096 1325 οἱ
1126 1262 1155 1321 δ’
1178 1251 1269 1323 ἄλλοι
1290 1258 1367 1322 κατό
1393 1254 1429 1321 τό

328 1350 502 1443 όνόλογον·
547 1363 610 1425 τῶν
639 1362 669 1423 δ’
694 1358 875 1445 ὀφθαλμῶν
893 1357 952 1431 α’νό
984 1362 1079 1441 τριῶν
1100 1354 1255 1441 ἑκάτερος,
1281 1354 1299 1443 ή
1321 1361 1356 1422 δέ
1378 1357 1430 1441 ῥίς
1501 1404 1502 1433 ,

161 1466 164 1470 ’
264 1462 459 1545 “inrorat
482 1459 576 1526 όκτοό.
627 1464 747 1526 τούτων
777 1461 806 1523 δ’
830 1452 931 1535 οότως
954 1459 1100 1543 καθάπερ
1129 1462 1297 1541 στοιχείων
1318 1462 1474 1525 δοθὲν-ιθ

228 1552 233 1557 ’
285 1550 293 1563 ’
328 1589 390 1629 των
419 1559 539 1641 ἔξεστιν
573 1559 739 1644 ἐντεῦθεν,
767 1559 878 1627 όπόσοι
912 1556 1112 1643 χαριέστεροι
1147 1565 1208 1626 τῶν
1239 1561 1429 1647 ζωγράφων,

327 1664 473 1748 κατ”τήν
503 1666 567 1729 τῶν
597 1654 700 1727 ἄλλων
727 1663 833 1743 μελιδν
867 1663 921 1725 καί
955 1665 1063 1743 μερῶν
1092 1660 1146 1724 καί
1181 1657 1248 1740 ἅμα
1280 1665 1334 1745 τής
1373 1662 1430 1725 τοῦ

210 1836 214 1842 ,
327 1762 444 1840 παντός
463 1765 609 1846 σώματος
641 1759 845 1836 διαπλάσεως
876 1766 930 1847 τής
965 1767 1056 1837 θείας
1087 1764 1204 1847 ἐκείνης
1237 1766 1295 1825 τοῦ
1327 1762 1433 1845 σωτή·

248 1929 252 1935 ,
328 1890 382 1951 ρος
402 1866 518 1942 εἰκόνος
540 1864 619 1930 κατὰ
645 1863 680 1929 τό
699 1867 754 1948 τής
788 1864 984 1947 συμμετρίας
1013 1860 1167 1946 α’νόλογσν
1195 1860 1255 1946 ὅση
1271 1869 1320 1938 τίς
1338 1864 1433 1927 ’ἐστιν

327 1967 430 2044 εδδός
450 1970 695 2051 συλλογιζεσθαι
718 1966 819 2048 μήκσς
841 1970 895 2030 καί
915 1966 1044 2041 πλότσς.
1099 1963 1154 2029 καί
1175 1967 1276 2029 ταῦτα
1299 1966 1433 2046 διήλθον
1444 1983 1475 2036 15

328 2071 495 2152 ἐμπειρίας
516 2070 606 2134 ἕνεκα
629 2071 690 2133 ταῖν
712 2064 978 2150 ἐντυγχανόντων,
999 2066 1168 2148 κράτιστον
1190 2062 1283 2139 εἰδοές
1302 2061 1434 2149 ἐφόδιον

329 2168 374 2244 είς
397 2193 432 2253 γε
453 2168 509 2253 τήν
534 2174 597 2235 τῶν
620 2161 719 2234 όντων
740 2167 915 2252 ἐπιστήμην
937 2170 992 2231 καί
1010 2164 1043 2232 εἴ
1054 2190 1136 2240 τινες
1157 2160 1220 2231 εἶεν
1243 2166 1354 2241 αὐτοῖς
1379 2168 1434 2229 ἐν-

328 2267 548 2353 θεωροόμενοι
570 2265 656 2351 λόγοι
680 2271 777 2354 σοφοί
800 2270 856 2349 τής
878 2272 1043 2351 προνοίας,
1065 2266 1149 2333 καδό
1175 2270 1231 2330 καί
1251 2265 1434 2350 Ἀριστοτέ-
1504 2290 1505 2293 ’

329 2374 378 2433 λει
407 2372 501 2435 δοκεῖ.
552 2369 633 2455 φησί
662 2368 723 2452 γόρ
751 2370 868 2445 ἐκεῖνος
898 2365 1049 2453 αἴσθησιν
1077 2372 1136 2449 μὲν
1157 2370 1323 2450 ἐμπειρίας
1351 2359 1434 2431 εἶναι

332 2467 507 2555 ποιητικήν,
528 2470 584 2555 τήν
608 2472 637 2534 δ’
659 2472 828 2555 ἐμπειρίαν
848 2471 911 2533 τῶν
932 2472 1012 2553 πρός
1035 2473 1211 2556 ἐπιστήμην
1231 2470 1343 2553 οἶρχιόν
1364 2484 1476 2563 ιτα-νο

331 2575 477 2654 ρεκτικήν
512 2577 546 2636 ἐκ
583 2575 737 2655 διαδοχῆς
764 2570 820 2635 καί
837 2569 1055 2655 συλλήπτριαν
1084 2575 1241 2655 γίνεσθαι.
1286 2568 1432 2634 ἐντεῦθεν

330 2671 392 2752 γὰρ
415 2675 454 2736 αἲ·
468 2696 501 2736 τε
523 2673 699 2746 πολυειδεῖς
720 2673 881 2760 ἐρρόησαν
902 2673 957 2755 τής
980 2678 1096 2758 σοφίας
1111 2674 1219 2758 πηγαί,
1240 2673 1294 2735 καί
1315 2668 1344 2734 οἱ
1367 2671 1432 2734 πό·

334 2779 388 2838 λαι
410 2775 464 2857 τής
488 2771 660 2859 ἐπιστήμης
683 2777 858 2860 ἐφευρεταί
877 2775 941 2840 τεόν
963 2797 996 2839 τε
1017 2777 1169 2858 αἰθερίαν
1192 2775 1246 2838 καί
1267 2775 1434 2856 περιγείων

335 3083 431 3136 oeulos
451 3088 666 3152 praetermittere
683 3095 781 3153 mente,
802 3102 881 3157 quum
901 3089 937 3139 ita
956 3089 991 3140 ait
1016 3095 1166 3155 comparata
1187 3085 1246 3152 illa,
1267 3095 1296 3138 ut
1314 3086 1435 3154 plsrnm.

330 3172 390 3227 ¹que
409 3165 561 3224 spectantes
580 3159 650 3210 inter
668 3167 695 3210 et
713 3175 756 3211 res
775 3158 908 3228 spectatas
935 3161 1102 3228 interpositis
1128 3159 1182 3210 loci
1201 3159 1352 3211 intervallis
1374 3161 1436 3211 ani.

335 3244 406 3280 mum
431 3228 517 3293 lallat,
542 3245 612 3298 quae
638 3239 726 3282 tamen
757 3231 891 3298 applicata
922 3239 1039 3282 ceterum
1073 3232 1190 3298 undique
1220 3238 1246 3281 et
1275 3245 1436 3299 quocunque

336 3300 414 3351 modo
433 3309 503 3364 sunt,
522 3309 552 3352 ut
569 3304 691 3353 veritatis
706 3305 823 3371 vestigia
842 3312 868 3354 et
886 3303 1003 3369 speciem
1022 3301 1235 3371 qualemcunque
1258 3304 1386 3367 eliciant,
1410 3310 1437 3353 et

337 3371 399 3422 talis
419 3371 518 3423 lraudis
539 3373 645 3423 morbos
664 3379 767 3425 sanent.
807 3382 868 3425 sunt
889 3375 958 3424 enim
977 3376 1039 3426 inde
1057 3390 1073 3430 a
1088 3375 1192 3425 vertice
1205 3390 1289 3441 usque
1311 3375 1343 3425 ud
1361 3390 1437 3426 sum.

338 3458 404 3493 mem
423 3442 540 3507 barbam,
560 3443 661 3495 labrum
691 3447 751 3496 dico
773 3447 906 3512 superius,
927 3445 1073 3512 spithamas
1095 3447 1122 3495 in
1154 3444 1354 3513 longitudinem,
1367 3447 1437 3497 duo.

285 3554 288 3559 .
340 3514 495 3581 detriginta,
514 3515 542 3565 in
559 3514 726 3566 latitudinem
746 3517 964 3584 quatuordecim,
983 3518 1126 3585 digitorum
1151 3525 1237 3567 autem
1258 3519 1357 3583 primos
1376 3525 1437 3567 octo
1460 3525 1465 3532 “

340 3593 367 3638 et
388 3586 520 3638 dimidiam
539 3587 566 3636 in
585 3585 781 3654 longitudinem
795 3588 919 3651 habehat,
939 3597 966 3640 et
981 3588 1079 3657 reliqui
1098 3588 1350 3654 proportionaliter;
1371 3604 1439 3639 ocu.

338 3655 425 3708 lorum
444 3667 498 3711 tres
518 3657 576 3710 iere
593 3659 738 3726 spithamas
759 3659 874 3712 habebat
899 3668 1027 3727 uterque,
1047 3674 1126 3710 nasus
1155 3668 1242 3710 autem
1262 3675 1347 3727 paene
1367 3667 1439 3712 octo.

339 3729 381 3780 his
403 3730 439 3780 ita
459 3736 581 3797 tunquam
601 3729 742 3782 elementis
754 3732 910 3797 propositis,
930 3731 996 3783 licet
1012 3729 1084 3796 hinc,
1107 3739 1237 3798 quotquot
1257 3739 1328 3794 sunt,
1350 3733 1441 3799 picto.

339 3815 397 3851 rum
415 3801 597 3865 iucundiores,
618 3803 695 3853 etiam
715 3801 870 3870 qualitatem
886 3811 1034 3855 ceterorum
1050 3801 1225 3854 membrorum
1246 3811 1272 3854 et
1289 3805 1402 3870 partium
1416 3811 1441 3853 et

339 3870 419 3922 simul
438 3873 521 3923 totius
544 3875 663 3940 corporis
683 3874 791 3926 divinae
811 3873 886 3927 illius
905 3874 1047 3927 salvatoris
1067 3881 1169 3926 statuae
1189 3873 1222 3926 ad
1242 3875 1441 3942 aequabilitatis

341 3941 471 3992 rationem
492 3943 578 3994 lectae
599 3945 710 4011 formae,
730 3954 827 4014 quanta
849 3946 906 4000 lere
925 3948 969 4011 sit,
987 3947 1073 3999 statim
1096 3944 1228 4012 colligere
1247 3945 1441 4015 longitudinem

343 4011 456 4062 ethaeo
475 4013 605 4081 descripsi
624 4019 652 4068 in
670 4016 792 4072 notitiam
812 4031 904 4072 eorum
923 4020 968 4086 qui
989 4019 1058 4070 lorte
1081 4017 1108 4074 iu
1127 4015 1200 4068 illam
1222 4018 1348 4082 incidunt,
1368 4018 1442 4084 opti.

305 4119 308 4123 1
340 4097 409 4134 snam
427 4082 496 4136 hane
516 4085 605 4138 sciens
625 4089 694 4139 viam
714 4106 774 4141 esse
795 4089 827 4140 sd
846 4107 934 4142 rerum
953 4089 1101 4152 seientiam,
1121 4095 1147 4138 et
1165 4091 1188 4142 si
1207 4091 1291 4156 quiin
1310 4089 1352 4140 his
1374 4104 1442 4140 con.

340 4154 492 4206 siderantes
510 4165 650 4210 versenter
668 4157 730 4212 libri
749 4161 887 4226 sapientes
907 4161 1134 4228 prospicientiae,
1153 4170 1182 4214 ut
1204 4163 1282 4214 etiam
1301 4157 1442 4214 Aristoteli

282 4243 287 4256 ⁴
340 4225 440 4296 placet.
478 4226 544 4280 dicit
574 4227 622 4281 ille
650 4232 755 4297 quidem
775 4248 882 4286 sensum
909 4249 943 4284 ex
961 4233 1101 4285 multorum
1126 4247 1214 4286 rerum
1234 4234 1340 4300 peritia
1359 4232 1442 4297 ellici,

339 4300 463 4373 peritiam
482 4309 570 4356 autem
596 4302 729 4376 principia
759 4305 918 4374 disciplinae
938 4305 1067 4376 cuiusque
1089 4312 1115 4358 et
1144 4305 1274 4373 praebere
1293 4314 1321 4359 et
1339 4305 1441 4360 oonlir-
