3184 5100
787 190 791 195 '
833 197 841 221 i

319 371 447 453 ‘los'
496 380 502 389 “
589 364 601 377 ‘
645 368 871 455 alcmeon
900 384 1143 464 eneconis.

343 550 472 634 πρεπιῦς
491 549 526 612 ἐκ
547 551 610 611 τῶν
634 546 782 611 αἰτιατιῦν
805 544 1060 634 όπογράφοντα.”
1108 546 1164 612 καί
1184 546 1284 611 πάλιν
1304 544 1458 635 “σκοπη’-

342 672 448 731 σιομεν
471 649 506 712 δὲ
528 649 557 711 εἰ
579 644 624 730 μη“
646 649 750 722 καλῶς
772 640 909 733 ἑκατέρην
931 651 993 711 τῶν
1016 646 1188 732 εἰρημένων
1211 648 1351 733 τρόπων
1374 646 1457 713 κατά

339 748 394 833 τὴν
418 750 511 814 θείαν
529 749 649 832 ἐκείνην
670 750 733 823 τοῦ·
750 750 864 832 κυριόυ
889 747 1142 835 μεταμόρφωσιν
1159 749 1216 813 καί
1226 746 1358 835 ’σοφοῖς
1381 752 1455 815 ἐνυ-

341 852 461 935 πάρχοι
480 848 515 915 τό
537 848 714 933 σάμβολον·
772 848 839 913 ἔδει
860 848 922 934 γάρ
946 848 1050 926 αὐτόν,
1071 855 1147 913 καθ
1170 849 1255 935 ἡμᾶς
1279 850 1456 935 ἀτρέπτως

341 954 509 1036 κτισθῆναι
529 954 569 1015 δι’
594 947 729 1034 άμετρον
752 952 1009 1036 ’φιλανθρωπίαν
1029 951 1303 1033 καταδεξάμενον,
1317 945 1473 1024 {acreda

339 1053 490 1137 γενέσθαι
519 1050 616 1117 τόπον
651 1046 707 1117 κατ’
739 1051 917 1134 σῦμβολον,
954 1051 1010 1116 καί
1032 1054 1231 1135 παραδεῖξαι
1257 1052 1291 1129 ἔξ
1326 1046 1454 1116 ἑαυτοῦ

339 1156 541 1235 συμβολικῶς
571 1146 701 1229 ἑαυτόν,
725 1152 780 1216 καί
808 1155 849 1216 δι’
872 1150 970 1217 αῦτοῦ
999 1153 1193 1239 φαινομένου
1226 1146 1451 1237 πρόςὲαυτόν

342 1253 474 1339 ἀφανῶς
505 1254 605 1350 πάντῃ
637 1254 855 1338 κρυπτόμενον
872 1256 1115 1338 χειραγωγῆσαι
1142 1251 1198 1337 τὴν
1220 1252 1358 1317 άπασαν
1382 1256 1449 1319 κτί-

273 1352 418 1418 “orsa'³
471 1354 526 1418 καί
560 1354 655 1418 πάλιν
675 1352 766 1420 “draci
792 1357 875 1438 μηδὲ
893 1358 1077 1439 χωρεῑσθαι
1104 1356 1146 1440 τῇ
1160 1354 1267 1419 ’κτίσει
1289 1351 1330 1417 τό
1356 1350 1448 1418 ἄκτι-

340 1478 414 1519 στον
436 1454 567 1541 πέφυκε,
588 1457 670 1540 μηόὲ
693 1460 913 1541 περινοεῖσθαι
934 1463 999 1530 τοῖς
1012 1454 1264 1540 πεπερασμένους
1283 1452 1323 1518 τό
1349 1451 1447 1519 άπει-
1457 1475 1480 1526 10

341 1554 422 1640 ρον.”
470 1554 525 1618 καί
554 1555 647 1618 πάλιν
676 1553 751 1640 “triv
783 1557 843 1637 μὲν
874 1555 1090 1641 άκτινοφανῶς
1123 1554 1357 1637 ὲκλάμπουσαν
1391 1559 1448 1620 τοῦ

338 1652 510 1741 προσώπου
547 1656 717 1739 πανόλβιον
750 1655 870 1743 αἴγλην,
893 1655 936 1732 οῦς
957 1660 1065 1721 πᾶσαν
1094 1656 1276 1742 ὀφθαλμῶν
1297 1661 1447 1723 νικῶσαν

338 1757 512 1842 ἐνέργειαν,
543 1760 598 1841 τῆς
618 1754 698 1842 ῦαὲρ
720 1760 793 1821 νοῦν
816 1757 872 1821 καί
893 1756 1045 1843 αἴσθησιν
1066 1758 1126 1839 καί,
1143 1756 1255 1821 οῦσίαν
1276 1758 1445 1844 καίγνιῦ-

337 1881 388 1921 σιν
410 1860 557 1943 θεότητος
581 1856 677 1922 αὐτοῦ
699 1859 858 1941 σόμβολον
879 1853 963 1927 εἶναι
983 1859 1208 1923 ἐδιδάσκοντο·
1236 1857 1276 1922 τά
1299 1860 1338 1923 δὲ
1366 1866 1444 1923 λευ-

336 1960 492 2023 κανθέντα
511 1958 621 2042 ἱμάτια
641 1962 704 2024 τῶν
726 1959 875 2046 ῥημάτων
892 1963 956 2043 τῆς,
969 1959 1061 2045 ἁγίας
1073 1961 1201 2045 γραφῆς
1219 1959 1334 2044 φέρειν
1355 1960 1441 2043 σίμ-
1452 1983 1479 2035 15

335 2064 430 2142 βολον
454 2059 496 2135 ὦς
518 2063 687 2145 τηνικαῦτα
709 2064 865 2146 λαμπρῶν
888 2062 944 2125 καί
964 2065 1089 2145 τραναῦν
1112 2060 1167 2123 καί
1189 2062 1307 2145 σαφαῦν
1328 2060 1443 2138 αὐτοῖς

337 2161 519 2245 γενομένων,
542 2161 597 2225 καί
619 2159 736 2239 παντός
755 2161 940 2248 γριφιόιλους
960 2163 1144 2246 αἰνίγματος
1155 2161 1211 2223 καί
1233 2164 1441 2241 συμβολικοῦ

218 2261 222 2267 ’
257 2326 259 2329 ,
336 2260 530 2343 σκιάσματος
551 2261 655 2346 χωρίς
675 2264 875 2345 νοουμένων,
896 2263 951 2327 καί
968 2261 1022 2326 τόν
1043 2264 1077 2326 ἐν
1097 2260 1203 2334 αῦτοῖς
1227 2255 1305 2341 ῦντα
1326 2284 1362 2324 τε
1383 2264 1440 2327 καί

335 2362 571 2444 καλυπτόμενον
595 2362 863 2447 παραδηλοῦντων
876 2363 977 2448 λόγον,
1000 2360 1136 2447 ὁπηνίκα
1154 2357 1212 2445 τὴν
1229 2362 1357 2425 τελείαν
1384 2363 1441 2427 καί
1506 2449 1507 2452 ¹

269 2451 322 2522 ss'
336 2460 437 2546 ὀρθάν
459 2464 534 2546 περί
555 2466 633 2527 θεοῦ
653 2468 770 2549 γνοῦσιν
787 2464 928 2547 dispice?
972 2465 1027 2529 καί
1048 2462 1143 2526 πάλιν
1160 2459 1308 2546 “εἴρηται
1327 2465 1476 2535 corboran

336 2562 482 2648 άνωτέρω
506 2562 554 2629 ότι
577 2563 630 2628 διά
649 2569 709 2648 μὲν
729 2570 785 2650 τῆς
806 2569 973 2652 γενομένης
995 2567 1048 2630 ἐπὶ
1063 2567 1119 2630 τοῦ
1131 2561 1229 2649 όρους
1249 2566 1307 2626 τοῦ
1331 2560 1439 2648 προσ-

333 2661 421 2726 ιόιιου
450 2665 506 2727 τοῦ
535 2667 647 2749 κυρίου
683 2670 877 2752 φωτοειόοῦς
899 2652 1127 2751 λαμπρότητος
1149 2663 1230 2749 πρός
1262 2662 1320 2748 τὴν
1353 2668 1438 2729 πᾶσι

332 2762 474 2828 καθόλου
495 2769 561 2838 τοῖς
595 2759 684 2828 οόσιν
709 2761 846 2851 άληπτον
873 2769 930 2830 τοῦ
958 2770 1037 2830 θεοῦ
1057 2765 1218 2849 μυστικῶς
1240 2764 1270 2829 οἱ
1290 2789 1436 2850 τρισμα-

240 2768 249 2792 l

334 3081 398 3134 sutis
417 3082 622 3136 describentem.
661 3093 687 3137 et
705 3100 816 3138 rursuse
833 3086 980 3149 videamus,
1001 3099 1063 3136 nuru
1081 3097 1135 3134 non
1152 3081 1252 3148 optime
1271 3088 1299 3132 et
1317 3082 1435 3149 sapien.

332 3153 436 3204 tissime
455 3155 592 3226 utramque
612 3155 684 3208 illam
705 3159 835 3209 rationem
856 3157 953 3208 babeat
970 3157 1079 3207 divinae
1097 3155 1195 3206 domini
1210 3153 1433 3221 transfiguratio.

332 3226 374 3276 nis
394 3225 557 3296 ¹symbolum.
594 3243 706 3280 necesse
729 3231 797 3280 enim
819 3237 876 3280 erat
901 3236 1011 3294 propter
1041 3225 1225 3278 incredibilem
1253 3225 1281 3274 in
1306 3224 1433 3277 hominos
1506 3250 1507 3255 ¹

334 3310 450 3348 amorem
471 3298 542 3350 inter
559 3313 608 3350 nos
630 3309 746 3350 creatum
774 3300 831 3351 lieri
852 3300 967 3364 effigiem
996 3307 1023 3348 et
1040 3297 1188 3363 symbolum
1209 3303 1237 3346 et
1254 3311 1316 3346 sese
1339 3312 1373 3346 ex
1402 3314 1433 3348 ee

333 3367 481 3433 symbolice
504 3370 645 3421 ostendere
665 3372 741 3422 etad
763 3387 824 3422 sese
843 3373 951 3422 omnino
970 3369 1103 3422 occuitum
1124 3384 1172 3434 per
1184 3375 1356 3434 apparentem
1379 3369 1432 3419 ad.

332 3438 430 3490 ducere
450 3449 569 3490 cunctam
591 3450 718 3493 naturam.
759 3450 785 3492 et
804 3458 911 3494 rursus:
931 3458 1009 3509 quum
1028 3456 1117 3507 neque
1136 3438 1296 3500 accessibile
1316 3447 1431 3489 creatu.
1506 3446 1507 3449 ’

330 3525 377 3560 rae
398 3509 544 3562 increatum
576 3512 672 3563 iactum
702 3521 743 3563 est
768 3529 820 3564 nec
845 3511 1087 3580 comprehensibile
1113 3513 1194 3563 linitis
1217 3509 1359 3560 inlinitum.
1404 3518 1433 3561 et

330 3597 437 3636 rursus:
457 3597 584 3634 summum
606 3583 685 3634 laciei
704 3583 884 3650 splendorem,
903 3585 983 3635 radiis
1004 3583 1151 3649 fulgentem
1171 3590 1198 3632 et
1221 3587 1345 3646 manuam
1365 3594 1432 3631 orn.

329 3667 389 3704 nem
411 3653 549 3705 oculorum
570 3656 623 3704 vim
643 3663 845 3720 exsuperantem
864 3656 970 3707 deitatis
989 3669 1068 3720 supra
1085 3663 1198 3705 mentem
1226 3659 1253 3702 ct
1270 3666 1381 3702 sensum
1403 3661 1432 3704 et

330 3725 472 3776 essentiam
493 3733 520 3776 et
540 3727 720 3790 cognitionem
741 3727 828 3777 elatae
848 3729 905 3778 ciue
923 3725 1072 3791 symbolum
1099 3741 1158 3775 esse
1178 3722 1319 3778 docebant.
1357 3738 1430 3775 cau.

330 3793 404 3844 didas
426 3804 515 3847 vestes
541 3797 689 3864 symbolice
715 3798 869 3866 siguificare
888 3798 970 3848 verba
990 3811 1081 3847 sacrae
1101 3797 1259 3861 scripturae,
1280 3809 1350 3859 quiae
1370 3803 1429 3844 trum
1506 3840 1507 3845 ,

329 3862 445 3914 dilucido
471 3875 498 3918 et
520 3869 661 3934 perspicua
682 3875 709 3918 et
731 3869 865 3920 evidentia
882 3870 918 3918 iis
937 3869 1050 3930 liebant,
1071 3868 1174 3918 et'sioe
1193 3865 1353 3930 aenigmatis
1374 3866 1428 3914 im.
1506 3876 1508 3987 η

329 3933 476 4000 plicatione
496 3946 523 3988 et
541 3938 705 4004 symbolicae
726 3937 1165 4006 adumbrationeintelligebantur,
1185 3943 1213 3987 ct
1229 3951 1297 4002 quae
1310 3935 1427 3986 uerbum

329 4004 398 4070 quod
421 4005 490 4056 inter
510 4023 556 4058 eos
579 4010 735 4062 versabatur
752 4011 875 4061 occultus
893 4011 1064 4076 aperiebant,
1084 4011 1135 4060 'ubi
1155 4008 1300 4074 perlectam
1328 4014 1356 4056 et
1377 4023 1426 4058 re.

328 4081 395 4126 ctam
415 4075 448 4126 de
467 4077 517 4128 deo
536 4081 716 4146 cognitionem
737 4082 975 4149 persequebantur.
1014 4089 1041 4132 et
1058 4096 1164 4132 rursus:
1191 4078 1246 4130 dixi
1272 4078 1357 4142 igitur
1376 4095 1426 4131 su.

255 4212 259 4220 N
327 4159 395 4212 pra,
428 4145 572 4212 splendore
600 4151 735 4202 inmonte
757 4153 790 4202 de
809 4153 907 4204 domini
929 4153 1090 4219 laciequaei
1111 4152 1218 4202 luminis
1238 4149 1309 4198 lecto
1330 4148 1426 4200 beatos
1506 4104 1508 4221 ό

326 4217 466 4282 apostolos
484 4219 516 4269 ad
538 4221 659 4272 omnibus
683 4223 812 4292 creaturis
837 4223 1133 4290 incomprehensibilem
1162 4221 1204 4273 dei
1230 4221 1378 4286 potentiam
1399 4227 1427 4272 et
1506 4284 1507 4289 ¹

327 4285 440 4354 plurium
459 4288 643 4357 inexplicabili
671 4299 698 4346 et
716 4307 769 4362 non
800 4293 973 4367 intelligibili·
991 4295 1070 4348 modo
1097 4291 1311 4354 adducebantur,
1341 4306 1425 4363 quun
1506 4298 1507 4341 1
