3184 5100
254 398 756 481 nrsronrnn‘nvznunuln
773 415 927 478 xxxvii.
948 393 1136 481 [ιθ-46.
1195 406 1267 482 553

169 576 276 657 ἐξότου
305 581 462 661 βραχειας
494 576 611 668 ἐκείνης
645 576 677 652 ἐξ
710 574 824 659 ἀλόγου
862 576 965 660 φοράς
996 575 1052 639 καί
1081 576 1267 660 παραδόξου

169 678 266 763 τύχης
286 678 459 761 ἐδράξαντο
483 676 643 763 ἀφορμῆς,
662 680 717 760 τῆς
737 700 771 740 τε
797 673 918 760 δηλαδὴ
944 679 1006 741 τῶν
1028 681 1118 742 δυοῖν
1133 676 1267 764 Ἀνδρο-

169 782 264 844 νίκων
285 780 348 843 τών
368 777 527 861 βασιλέων
550 766 899 861 διαστάσεως,·μάλλον
931 781 960 841 δ’
992 778 1189 857 ἀποστάσιας
1213 782 1270 843 τού

170 880 243 944 νέου
265 879 344 964 πρὸς
363 876 418 943 τόν
442 880 556 943 οἰκεῖον
575 878 722 955 πάππον,
748 879 804 943 καί
823 873 876 943 ἀύ
895 883 950 963 τῆς
973 878 1132 964 δευτέρας,
1155 878 1194 963 ῆν
1217 903 1268 943 τε-

144 982 336 1065 5θνηκότων
357 980 484 1045 ἐκείνων
507 978 588 1043 κατά
609 982 665 1045 τοῦ
697 980 769 1044 νέου
789 980 950 1063 βασιλέως
969 980 1024 1045 καί
1045 984 1101 1065 τῆς
1120 983 1176 1043 τοῦ
1195 978 1268 1045 νέου

171 1078 290 1168 μητρός
321 1079 338 1145 ό
370 1078 635 1164 Καντακουζηνός
654 1084 833 1165 κεκίνηκεν,
855 1084 1070 1159 παντοδαποῖς
1089 1082 1145 1145 καί
1164 1082 1268 1146 ποικί-

173 1188 239 1259 λοις
262 1181 365 1257 δόλοις
388 1182 527 1257 ἐκείνους
548 1184 607 1264 μὲν
627 1182 789 1267 πρότερον,
811 1183 942 1259 τούτους
958 1185 986 1246 δ’
1007 1179 1148 1268 ὕστερον,
1169 1184 1268 1267 ἐπαγ-

170 1285 291 1371 γελίαις
303 1308 337 1347 τε
361 1280 462 1349 ἄλλοί
487 1281 598 1360 άλλαις
617 1284 801 1369 περιιόντες,
824 1283 936 1348 όποῐαι
952 1285 1008 1349 καί
1031 1282 1107 1349 ὅσαι
1117 1290 1181 1361 τοῖς
1202 1306 1269 1348 τοι-

173 1386 275 1459 ούτοις
296 1382 450 1469 ἣρμοττον
476 1393 617 1470 καιροῖς,
639 1389 773 1468 βουλαῖς
795 1383 918 1470 δηλαδὴ
947 1386 1002 1450 καί
1013 1384 1184 1468 χρήμασιν
1206 1383 1269 1469 ἀφ-

126 1501 162 1555 10
173 1486 366 1571 θονωτέροις
387 1486 441 1550 καί
464 1488 665 1569 συμμαχίαις
684 1484 863 1564 ὁπλιτικαῖς
885 1489 941 1552 καί
958 1487 1111 1564 τοιούτοις
1129 1486 1167 1570 δή
1187 1509 1271 1549 τισιν

176 1590 234 1675 (ἐῶ
255 1584 316 1671 γάρ
339 1585 439 1671 λέγειν
463 1588 519 1651 καί
551 1586 620 1663 οἵας
650 1588 704 1652 ἐπί
724 1586 846 1663 τούτοις
866 1588 1044 1673 λεληθότως
1075 1589 1173 1670 δῆθεν
1193 1584 1270 1650 ύπέ-

176 1710 290 1775 φαινον
311 1684 366 1765 τάς
391 1686 524 1764 ἀπειλάς
551 1693 626 1751 καθ
662 1679 745 1772 ὧνῆ
778 1686 881 1751 πειθώ
901 1688 1014 1772 χώραν
1034 1688 1131 1753 ἐνίοτε
1155 1684 1273 1775 ῥᾳδίαν

175 1788 233 1869 ούχ
258 1786 411 1877 εὕρισκε),
435 1790 490 1853 καί
512 1790 568 1853 νύν
601 1791 660 1873 μὲν
679 1788 805 1874 θατέρῳ
837 1788 1084 1875 προστιθέμενοι
1101 1789 1193 1873 μέρει
1216 1788 1272 1852 καί

174 1888 255 1975 πρός
276 1890 412 1975 θάτερον
436 1884 532 1966 αύθις
560 1890 839 1973 ταλαντευόμενοί,
859 1891 915 1955 καί
945 1890 996 1955 ἀεὶ
1024 1883 1160 1975 θάτερον
1182 1887 1272 1973 παρά
1318 1964 1328 1973 ἱ

128 2004 163 2055 15
175 1989 310 2076 θάτερον
332 1988 509 2072 ἀμοιβαδὸν
542 1992 775 2068 ἐξαπατῶντες,
796 1993 864 2067 πῶς
891 1992 950 2073 μὲν
971 1983 1073 2053 ἓκοντί
1094 1991 1161 2065 πώς
1184 1993 1211 2053 δ’
1235 1988 1271 2051 ού

173 2094 260 2175 μάλα
283 2084 393 2169 ἐκοντί,
415 2092 469 2174 τῆς
490 2080 545 2155 τού
564 2094 679 2177 καιροῦ
701 2091 918 2176 περιστάσεως
940 2091 1051 2176 πόρρω
1072 2092 1129 2155 τού
1151 2088 1272 2165 δέοντος

175 2191 366 2276 ἐλαυνούσης
399 2194 452 2255 τὸν
473 2193 591 2278 δρόμον
624 2196 685 2257 τών
709 2194 885 2278 ἀνηκόντων
915 2192 1016 2278 λόγων
1038 2192 1094 2256 καί
1115 2190 1272 2274 πράξεων,

176 2292 293 2356 ἐλαθον
314 2290 386 2367 τοὺς
414 2294 549 2369 οἰκείους
582 2292 678 2378 δ’ρους
700 2296 733 2359 ἐκ
758 2296 839 2372 πάνυ
863 2318 894 2357 τι
922 2293 1065 2369 εύτελούς
1083 2316 1117 2355 τε
1134 2293 1190 2357 καί
1208 2315 1272 2372 χα-

175 2391 334 2476 μαιζήλου
368 2395 521 2479 περιοχῆς
551 2392 739 2470 ἐκτείναντές
759 2418 791 2457 τε
819 2396 874 2459 καί
903 2393 1126 2477 ὀχυρώσαντες
1148 2393 1273 2476 πρώτον
1367 2463 1372 2469 N

128 2504 166 2562 20
174 2495 234 2578 μὲν
268 2494 404 2571 ’ξυλίνοις
432 2494 498 2559 τισί
527 2499 670 2580 θριγκοῖς
701 2496 765 2566 aad?
788 2483 931 2583 ’τάφροις
956 2496 1127 2578 βαθείαις,
1165 2493 1274 2559 ἔπειτα

175 2595 312 2676 τείχεσιν
334 2592 469 2680 ύψηλοῖς
490 2597 598 2661 τεκαὶ
620 2597 752 2683 ἐχυροῖς
780 2599 836 2662 καί
865 2598 1180 2682 δυσαντυηωνίοτοις.
1222 2596 1341 2658 div-⁴⁰
1376 2601 1386 2612 “

175 2698 287 2760 τεύθεν
309 2694 489 2779 ὁρμώμενοι
516 2695 589 2773 τούς
622 2700 677 2780 τῆς
709 2699 826 2776 οἰκείας
850 2698 1040 2781 ξπλεονεξίοις
1068 2695 1164 2782 όρους
1194 2692 1275 2758 κατὰ

174 2795 289 2882 χώραν
306 2799 419 2880 ξμένειν
451 2797 506 2860 ἐᾶν
541 2796 669 2884 οάδαμῆ
689 2821 725 2883 γε
759 2797 954 2884 ἐγνώκεσαν,
992 2797 1059 2862 ἀλλ’
1081 2799 1133 2880 ἐφ’
1156 2789 1275 2882 ἑτέροις

176 3103 304 3158 tenebant
320 3104 383 3156 inde
404 3103 436 3156 ab
456 3119 489 3156 eo
508 3112 629 3172 tempore
659 3121 712 3174 quo
732 3107 847 3175 exiguae
864 3106 939 3158 illius
965 3123 999 3159 ex
1018 3105 1131 3158 absurda
1150 3119 1229 3157 causa
1246 3113 1274 3158 et

176 3177 314 3243 inopinato
334 3191 399 3227 casu·
416 3183 525 3227 exortae
539 3179 638 3243 primae
651 3179 789 3230 discordae
811 3186 839 3230 et
853 3179 1031 3230 contentionis
1051 3185 1160 3244 apertae
1177 3193 1271 3244 regum

177 3249 311 3300 amborum
329 3248 540 3300 Andronicorum
563 3256 663 3314 partem
684 3249 812 3312 fecerant,
832 3249 876 3300 vel
896 3251 984 3316 potius
1002 3249 1160 3300 rebellionis
1180 3250 1272 3298 iunio.

176 3321 213 3372 ris
234 3327 326 3371 contra
345 3321 430 3386 ipsum
449 3334 542 3383 avum,
572 3328 598 3371 et
616 3337 707 3372 rursus
732 3320 843 3372 alterius
869 3336 946 3388 qnam
968 3321 1077 3372 mortuis
1106 3319 1161 3370 illis
1180 3328 1273 3371 contra

103 3409 106 3413 ·
179 3394 302 3442 iuvenum
322 3406 412 3458 regem
433 3394 459 3440 et
477 3392 583 3442 iuvenis
601 3400 709 3444 matrem
729 3393 930 3446 Gauiacuzenus
949 3399 1078 3454 moverat,
1099 3391 1181 3442 variis
1200 3390 1273 3441 mul.

175 3464 209 3513 tis
230 3470 257 3512 et
275 3463 391 3512 versutis
409 3461 510 3512 artibus
531 3462 593 3514 illos
613 3465 696 3530 prius,
717 3463 766 3514 hos
787 3473 895 3530 postea,
917 3471 944 3514 et
959 3462 1182 3545 promissionibus
1201 3461 1273 3512 mul.

176 3535 210 3584 tis
230 3533 449 3596 circumiverunt,
470 3532 563 3600 quales
597 3543 624 3584 et
652 3543 765 3602 quantae
792 3535 955 3602 temporibus
982 3533 1037 3584 illis
1066 3533 1274 3597 conveniebant,

176 3603 285 3656 scilicet
304 3603 424 3654 consiliis
447 3613 473 3655 et
492 3605 613 3670 pecuniis
632 3615 672 3657 sat
691 3608 792 3674 magnis
818 3615 845 3657 et
870 3606 965 3672 opibus
984 3604 1143 3656 militaribus
1164 3612 1191 3654 et
1211 3603 1272 3655 aliis

176 3675 325 3726 huiusmodi
338 3691 350 3724 ε
364 3675 440 3724 mitto
463 3678 532 3726 enirn
551 3677 641 3728 dicere
659 3687 769 3744 quantas
780 3679 809 3728 in
829 3677 869 3728 bis
881 3678 948 3728 clam
962 3678 1045 3728 minas
1056 3677 1274 3728 iecerintcontra

178 3761 242 3814 quas
254 3746 389 3812 persuasis
401 3747 530 3796 interdum
540 3747 607 3798 nihil
620 3749 736 3814 valebat,
755 3758 781 3801 et
799 3765 865 3816 quas
880 3765 952 3800 nunc
970 3747 1049 3800 alteri
1068 3748 1136 3814 parti
1155 3747 1273 3798 inferre-

176 3819 249 3881 bant,
268 3831 339 3867 nunc
353 3817 385 3867 ad
407 3817 516 3868 alteram
533 3817 722 3884 devolvebant,
743 3829 769 3872 et
789 3821 919 3887 quomodo
940 3820 1068 3870 continuo
1087 3818 1197 3870 alteram
1213 3825 1274 3884 post

180 3889 291 3940 alterum
310 3888 486 3953 decipientes,
508 3889 584 3940 modo
604 3890 702 3942 iisnon
721 3893 814 3943 invitis
833 3893 917 3942 modo
929 3892 1032 3955 invitis,
1052 3905 1132 3958 quum
1145 3889 1274 3956 temporis

179 3961 298 4012 rationes
325 3959 407 4010 verba
433 3958 625 4011 ultramodum
655 3963 765 4012 audacia
793 3970 820 4013 et
847 3963 917 4014 lacta
938 3964 1127 4026 admitterent,
1147 3957 1274 4028 paulatim

177 4031 356 4100 possessionis
388 4046 452 4081 suae
480 4033 606 4082 terminos
634 4049 668 4084 ox
693 4041 806 4101 angusto
832 4041 859 4084 et
885 4035 984 4102 exiguo
1006 4033 1106 4084 ambitu
1143 4033 1274 4084 extende.

177 4105 231 4155 rint
250 4109 276 4152 ct
293 4102 470 4165 muniverint,
489 4096 608 4168 ‘primum
628 4105 732 4172 quidem
751 4103 850 4170 ligneis
869 4107 964 4170 septis¹
977 4112 1005 4155 et
1030 4105 1108 4156 lossis
1125 4103 1274 4170 profundis,

178 4173 274 4226 deindo
299 4187 365 4224 vero
390 4171 471 4223 inuris
489 4173 550 4226 altis
577 4182 604 4225 et
621 4175 755 4226 iirmiset
780 4175 828 4226 vix
857 4175 1089 4244 expugnabilibus.
1125 4176 1153 4226 in
1172 4174 1214 4224 bis
1232 4173 1275 4223 ia.

179 4253 248 4298 ctum
279 4252 319 4297 est
345 4251 374 4296 ut
407 4245 496 4310 cupidi
528 4247 706 4311 possessionis
735 4245 948 4312 templifioandac
973 4249 1101 4299 terminos
1128 4245 1161 4296 ad
1188 4243 1276 4294 modi-

178 4333 238 4370 cum
264 4317 390 4384 ambitum
410 4317 574 4390 constituere
594 4333 648 4370 uon
666 4318 718 4370 iam
739 4318 874 4371 inanimo
897 4317 1041 4383 baberent,
1068 4317 1116 4371 sed
1141 4315 1194 4368 alia
1215 4319 1276 4382 post
