3184 5100
1123 175 1131 209 ,
1173 173 1177 185 ι

280 421 504 495 ursaonmn
526 427 769 497 nauluunaa
782 382 1143 505 zanunim-dt.
1202 418 1276 501 437
1309 486 1313 493 .

179 589 252 673 φῶν
271 590 408 677 Μωυσῇ
429 591 645 677 φανῆναικαί
669 592 812 669 Μανοιέ,
842 592 897 657 καί
928 585 974 669 οἷς
993 587 1110 680 ἑτέροις
1132 594 1277 681 ὀφθῆναι

186 692 390 771 συμβολικῶς
410 715 444 755 τε
468 693 524 756 καί
543 696 686 768 τοπικοῖς
708 692 851 777 λέγεται,
889 692 926 757 οά
944 692 1007 778 μην
1027 694 1172 779 θεότητα.
1216 697 1273 779 ἀη-

175 789 374 875 μοσιοέτερον
403 788 465 875 γάρ
497 791 553 856 καί
572 791 676 858 κοινὸν
708 792 743 857 τέ
768 796 825 857 τοῦ
854 796 932 857 θεοῦ
954 790 1069 876 ὄνομα·
1121 794 1194 859 θεοί
1212 793 1278 879 γὰρ,

176 888 234 952 καί
255 891 318 953 τῶν
340 889 519 976 ἀνθρώπων
542 891 571 955 oi
593 893 710 958 δίκαιοι
733 891 897 978 λέγονται,
919 894 1066 979 θεότητος
1087 890 1182 976 ὁήοά.
1224 917 1275 959 τε-

148 989 311 1083 5τήρητμι
329 990 391 1077 γὰρ
413 983 449 1057 τὸ
471 999 617 1059 πλεῖστον
639 996 738 1060 εἰπεῖν
758 999 799 1082 τῇ
821 996 895 1085 θείᾳ
915 998 1006 1060 τοῦτο
1024 999 1138 1083 γραφῇ
1156 994 1201 1081 μὴ
1223 994 1274 1059 λέ-

175 1112 244 1173 γειν
264 1096 483 1176 πληθυντικῶς
513 1095 683 1179 θεότητος,
717 1094 798 1159 ἀλλά
821 1097 900 1179 μιάν
921 1092 1065 1161 ἀκτιστσν
1091 1096 1147 1161 καί
1163 1119 1274 1181 τρισυς
1330 1163 1333 1173 ,

178 1190 343 1269 πόστατον,
365 1195 513 1280 καθάπερ
529 1195 592 1288 ,καί
614 1196 719 1282 φύσιν.
761 1198 818 1261 καί
839 1193 920 1262 οὕτω
944 1200 1033 1262 τουτί
1052 1197 1224 1282 τετήρηταί
1240 1218 1340 1273 τεο,

160 1291 233 1355 καί
255 1290 306 1356 ἀεί
325 1300 391 1369 τοῖς
416 1293 561 1377 εὐσεβέσι
581 1305 740 1382 τηρεῖται,
775 1294 856 1361 ὥστε
886 1298 941 1363 κατ’
959 1296 1115 1380 θεὸνιμὲν
1135 1299 1169 1361 ἐκ
1189 1322 1273 1381 παρ-

176 1389 275 1455 θένου
297 1391 379 1477 φησί
398 1398 607 1479 γεννηθῆναι,
638 1398 773 1481 θεότητα
805 1400 835 1461 d’
858 1397 1133 1483 ἀπροσδιορίστως
1160 1394 1273 1481 ἥκιστα

129 1506 167 1561 10
176 1490 319 1556 πάντων·
372 1491 393 1578 ἦ
420 1494 559 1582 μὲνγὰρ
589 1499 701 1582 θείτης
721 1500 754 1562 έν
775 1498 879 1584 τρισίν
907 1496 1100 1563 ὑποστάσεσι
1122 1494 1273 1581 λεγομένη

175 1593 343 1678 νοεῖτατ,ἤ
369 1596 404 1659 δὲ
425 1597 586 1682 παρθένος
606 1599 685 1681 μιόιν
708 1599 764 1683 τὴν
790 1602 847 1663 τοῦ
868 1600 962 1685 λόγου
991 1599 1171 1685 γεγέννηκεν
1191 1593 1272 1662 ἀπό-

176 1716 299 1757 στασιν.
342 1691 422 1759 ὥστε
442 1695 591 1761 σκεπτέον
615 1700 660 1773 είς
685 1699 787 1782 πόσην
811 1698 944 1763 ἀτοπίαν
965 1699 996 1776 ἐξ
1011 1697 1172 1781 ’ἀμαθίας
1191 1695 1273 1781 ἀμοά

175 1794 232 1858 καί
264 1794 396 1880 οἰήσεως
422 1794 476 1861 τάν
506 1801 675 1881 Παλαμᾶν
705 1799 930 1867 έκκεκολίσθαι
952 1796 1196 1880 συμπέπτωκεν,
1228 1794 1272 1873 ὥς

175 1900 304 1971 πολλοῖς
331 1896 391 1979 μὲν
417 1896 580 1981 λατρεύειν
611 1902 714 1975 θεοῖς,
748 1898 960 1979 αἰσχύνεσθαι
991 1899 1020 1960 d'
1043 1890 1097 1960 οάν
1119 1899 1272 1976 ἐκλαλεῖν,

128 2014 166 2068 15
175 1996 327 2080 θεότητας
352 1999 381 2061 d’
413 1996 579 2084 ἀπειράκις
603 2000 756 2085 ἀπείρους
785 1998 880 2065 αάτάν
901 2022 935 2064 τε
966 1997 1071 2081 σέβειν
1091 1998 1146 2061 καί
1166 1992 1273 2073 ἀλλοις

174 2103 361 2182 παραινεῖν,
383 2099 439 2162 κατ’
466 2095 554 2175 ὅσοις
576 2095 615 2164 ἀν
635 2103 744 2187 χρρῖτο
770 2100 816 2185 μὴ
844 2098 1062 2182 πειθομένοις,
1096 2096 1272 2181 ἀποκηρύτ-

133 2210 152 2237 ·
172 2218 245 2274 τειν,
267 2198 323 2262 καί
342 2200 434 2262 τοῦτο
456 2201 484 2263 d'
515 2197 559 2276 οἷς
577 2203 665 2283 μα’λα
696 2201 881 2287 ἀνέγκλητον
912 2202 945 2265 έν
978 2198 1164 2284 ὕπαιθρος
1181 2196 1271 2271 ἄναι-
1436 2228 1441 2265 ¹

176 2300 238 2373 ἀῶς
259 2299 403 2364 ε’κλαλεῖν
424 2301 481 2364 καί
501 2302 639 2389 δημοσίᾳ
658 2302 950 2387 παρρησιάζεσθαι.

274 2400 315 2463 Εἰ
345 2400 404 2481 μὲν
426 2394 584 2487 οάνπρὸς
615 2401 741 2487 ἀπάσης
768 2406 896 2488 γραφῆς
925 2388 1128 2487 ἐλεγχόμενος
1157 2398 1399 2485 ἥκισταί.235ι.

122 2518 164 2574 το
175 2500 317 2565 συνιέναι
341 2501 489 2581 τλάναιτο,
525 2503 670 2588 οἰκτείροι
689 2506 745 2588 τῆς
766 2502 919 2581 ἀπονοίας
938 2502 996 2572 τὸνΙ
1012 2499 1198 2590 ἄνθρωπον·
1243 2506 1337 2572 aiu

173 2601 210 2668 ,δὲ
230 2601 358 2685 συνίησι
380 2603 449 2685 μέν,
469 2604 649 2681 κενοδοξίας
673 2607 702 2669 d'
726 2604 829 2668 εἵνεκα
850 2605 989 2686 ματαίας
1010 2603 1268 2690 αὐτοχειροτόνη-

171 2724 225 2764 τον
245 2693 352 2788 {accpi
371 2697 428 2786 τῆν
459 2704 678 2786 κακοδαιμονα
708 2707 765 2769 τοῦ
786 2707 886 2768 κακοῦ
914 2704 1106 2790 προεδρείαν
1127 2705 1268 2787 κατεψή-

173 2825 308 2888 φισται,
334 2803 438 2888 πάσης
467 2802 578 2885 ἔνοχον
610 2798 706 2882 αὖθις
728 2805 811 2892 ἀρᾶς
837 2803 977 2891 ἦγοῦμαι
1008 2803 1064 2888 τὴν
1084 2806 1268 2888 ἐμπληξίαν,

170 3102 220 3156 par
235 3084 385 3153 symbolam
408 3085 540 3154 quoddam
566 3092 594 3138 et
611 3086 754 3156 imaginem
774 3086 890 3150 dieitur,
918 3101 973 3139 non
994 3086 1099 3155 quidem
1126 3086 1267 3152 deitatem3

169 3158 255 3226 magis
274 3157 343 3209 enim
364 3155 479 3224 vulgare
498 3163 526 3208 et
543 3156 673 3225 populare
690 3171 788 3209 nomen
800 3158 859 3221 dci3
877 3157 920 3210 dei
941 3157 1010 3209 enim
1031 3158 1110 3210 etiam
1125 3158 1197 3209 inter
1214 3158 1267 3210 ho.

169 3229 255 3282 mines
273 3229 337 3280 iusti
355 3235 496 3292 vocantur,
514 3243 568 3280 noa
588 3243 655 3280 roro
674 3228 797 3280 deitates.
821 3228 945 3281 usitatum
962 3229 1032 3280 enim
1052 3227 1210 3297 plerumque
1228 3237 1269 3282 est

169 3302 197 3354 in
218 3315 295 3353 sacra
312 3299 443 3366 scriptura
461 3313 515 3350 non
544 3299 636 3350 dicere
658 3299 757 3367 plurali
774 3313 885 3351 numero
904 3299 1033 3364 deitates,
1058 3299 1202 3354 sedunam
1223 3301 1268 3352 in.

170 3378 285 3433 ormtam
305 3379 333 3423 et
349 3386 384 3422 ex
400 3370 486 3422 tribus
509 3371 632 3437 personis
658 3378 824 3422 constantem
841 3379 965 3440 tauquam
987 3379 1124 3435 naturam,
1146 3372 1215 3440 quod
1230 3369 1268 3424 ita

169 3444 291 3495 usitatam
311 3449 339 3494 et
357 3441 407 3494 luit
426 3449 454 3494 et
471 3419 577 3509 sdmper
603 3441 725 3493 ddelilrns
748 3449 798 3493 est.
841 3443 878 3502 ita
901 3449 929 3493 ut
960 3443 996 3495 cti
1060 3443 1137 3494 deum
1157 3457 1189 3493 ea
1208 3443 1268 3494 vir.

169 3515 233 3582 gine
250 3521 340 3565 natum
362 3529 426 3567 esse,
440 3513 520 3576 dicat,
538 3513 664 3567 deitatem
682 3521 770 3564 autem
787 3513 896 3566 minime
907 3513 988 3566 indeli
1032 3529 1074 3564 e„
1093 3513 1178 3564 deitas
1198 3513 1268 3564 enim

168 3587 196 3636 in
214 3584 299 3636 tribus
315 3585 438 3650 personis
456 3585 590 3636 nominata
609 3585 853 3652 cogitatu122rirgo
880 3599 956 3636 unam
977 3583 1054 3636 verbi
1079 3585 1184 3651 peperit
1202 3599 1267 3651 per.

169 3670 270 3707 sonam.
306 3655 377 3706 unde
407 3651 526 3723 intelligi
549 3655 616 3707 licet
640 3657 668 3706 in
693 3669 758 3723 quas
783 3656 899 3722 ineptias
921 3655 1064 3706 inscientia
1083 3669 1130 3706 sua
1161 3662 1187 3706 et
1205 3655 1267 3722 opi.

168 3725 250 3777 nione
269 3724 435 3778 aberraverit
453 3725 582 3778 l’alamas.
619 3726 711 3792 plures
728 3727 853 3777 venerari
872 3741 902 3776 se
921 3728 985 3778 deos
1005 3723 1179 3777 erubescebat
1198 3741 1266 3777 con.

169 3796 248 3858 litori,
270 3797 383 3848 deitates
411 3804 499 3848 autem
527 3797 587 3863 ipsc
606 3795 783 3849 venerabatur
811 3804 838 3847 ct
855 3797 923 3848 alios
950 3796 1154 3860 adhortabatur,
1174 3805 1200 3848 et
1221 3799 1266 3866 qui

168 3881 221 3918 non
241 3866 420 3934 sequebantur
441 3867 608 3919 excludebat.
647 3876 674 3919 et
694 3867 746 3918 hoc
765 3874 888 3934 tanquam
907 3883 962 3919 non
979 3867 1111 3920 nefarium
1128 3867 1265 3936 propalam

168 3937 335 4004 impudenter
353 3936 491 4004 professus
513 3946 553 3988 est
578 3946 604 3989 et
631 3938 700 4004 apud
720 3937 847 4005 populum
867 3938 952 3990 libere
971 3940 1091 4006 protulit.

268 4032 297 4084 Si
319 4033 402 4102 igitur
417 4040 473 4083 tota
490 4034 622 4100 scriptura
640 4050 670 4086 sa
689 4042 844 4103 coargutum
870 4035 976 4086 minime
996 4035 1151 4106 intelligere
1166 4045 1265 4105 potest,
1316 4043 1324 4055 ³

168 4105 277 4157 miseret
303 4119 345 4155 me
364 4105 417 4155 viri
436 4104 640 4172 imprudentiae.
685 4098 727 4156 sin
753 4120 820 4158 vero
840 4105 984 4176 intelligit,
1003 4123 1096 4160 uanam
1122 4118 1209 4162 autern
1231 4109 1265 4160 ob

168 4176 281 4243 pieriam
305 4177 365 4241 ipso
394 4176 446 4227 sibi
474 4175 619 4242 malignum
643 4176 817 4244 malignitatis
835 4179 1010 4243 patrocinium
1032 4181 1128 4244 sumit,
1148 4181 1174 4232 id
1194 4180 1264 4231 omni

167 4248 274 4315 diguam
298 4246 502 4311 obsecratione,
527 4247 657 4299 insaniam
681 4247 769 4310 dac03
801 4248 872 4316 quod
901 4249 993 4301 morbo
1018 4241 1263 4312 indictussomnino
1343 4248 1344 4257 ’

167 4318 283 4370 remedia
307 4332 361 4370 non
384 4317 531 4382 desiderat,
550 4319 597 4371 scd
615 4317 695 4387 plane
721 4319 844 4372 consulto
863 4321 1018 4394 medicinam
1042 4322 1133 4375 reiicit
1151 4330 1178 4376 ot
1195 4335 1264 4373 con.
