3184 5100
1163 247 1171 279 l

328 410 402 487 332
626 412 849 481 utcurnom
881 407 1112 477 onuooullt

328 571 492 657 εἰρωνικόν
527 598 597 641 τινα
633 570 807 659 σ’φθαλμόν
835 571 920 661 αῦτηῦ
949 572 1165 654 ἐπιρρίψαντα
1190 568 1291 655 φάναι
1314 570 1431 635 τοιαδί.
1515 609 1516 636 1

258 672 407 759 θὸ“ε’γσό
429 677 465 739 δέ
486 698 522 739 σε
543 678 597 758 τῆς
632 674 775 755 οἷμοιθίας
798 675 853 738 καί
872 674 1035 747 ’ἀναιδείας
1065 671 1241 753 οἰκτείρων,
1266 665 1429 756 όνθρωπε,
1515 661 1516 724 l

326 774 486 863 βοόλομαι
506 779 561 841 καί
580 780 645 862 νῦν,
668 774 772 843 δπόσα
791 774 848 861 τὴν
870 780 925 860 τῆς
958 800 1076 862 σοφιας
1095 770 1207 862 φωνήν
1226 778 1352 858 διαιρεῖ
1366 800 1431 858 ση-

300 886 302 893 “
326 874 516 957 μαινόμενα,
536 882 669 964 προθείς
690 878 769 945 κατά
792 876 867 954 τοῦς
889 881 944 963 τῆς
960 880 1133 965 ἐπιστήμης
1152 878 1282 955 διδάξαι
1302 878 1429 961 λόγους,

328 975 371 1053 σός
392 970 432 1041 όν
450 975 558 1066 μάθης
579 982 730 1045 ἐντεῦθεν
760 982 807 1055 είς
836 973 914 1045 ’όσον
943 975 1070 1044 ἐλαόνει
1096 984 1209 1054 κακίας
1230 984 1456 1061 βωμολοχεῖν5

202 1122 214 1155 ¹:
328 1079 383 1169 καί
412 1078 596 1158 διαβάλλειν
630 1081 764 1166 άναίδην
791 1079 847 1157 τάς
877 1084 970 1156 θείας
1000 1073 1141 1165 γραφάς.
1195 1079 1430 1163 ἀκολουθητέον

212 1242 216 1251 ,
328 1174 386 1245 νῦν
410 1180 485 1264 ἡμῖν
508 1184 577 1246 ἐστι’
595 1186 633 1270 τῇ
652 1188 714 1247 τιόν
736 1186 835 1247 θείων
864 1186 1008 1266 πατέρων
1036 1175 1205 1245 κάνταῦθα
1226 1182 1429 1270 διδασκαλίην.

327 1290 446 1350 νοεῖται
466 1286 527 1363 μὲν
537 1279 599 1365 γάρ
619 1282 639 1366 ἧ
663 1284 762 1367 σοφία
786 1285 883 1365 διχοῦς
906 1282 987 1348 κατά
1008 1278 1045 1347 τό
1067 1279 1191 1347 κτιστόν
1204 1280 1260 1346 καί
1277 1281 1314 1345 τό
1339 1275 1431 1347 όκτι-

327 1408 410 1449 στον.
453 1382 508 1447 καί
528 1380 636 1469 aarum}
661 1385 720 1464 μὲν
748 1390 870 1469 λέγεται
900 1388 1001 1470 σοφίαι
1025 1380 1046 1469 ἧ
1066 1407 1099 1449 τε
1128 1382 1329 1467 ἐντεθειμένη
1343 1383 1431 1466 πρός

328 1486 408 1549 θεοῦ
427 1489 483 1551 καί
500 1488 802 1572 συναπτιργασμένη
829 1495 894 1563 τοῖς
914 1491 1094 1567 κτίσμασιν,
1115 1486 1167 1550 ἳνα
1189 1481 1275 1569 σοφά
1291 1508 1327 1549 τε
1348 1480 1428 1548 κατά
1440 1498 1477 1552 10

328 1583 382 1651 τόν
409 1590 509 1669 μίγαν
536 1586 732 1655 Ἀθανάσιον
755 1591 907 1675 φαίνηται
936 1590 1015 1653 κῦσι
1044 1590 1100 1651 καί
1120 1581 1188 1667 ἅμα
1213 1586 1273 1649 τσῦ
1294 1608 1430 1669 πεποιη-

328 1684 417 1763 κότος
441 1684 528 1768 όξια.
568 1690 642 1755 καθ’
666 1686 684 1751 δ
706 1690 938 1775 σημαινόμενον
967 1690 1022 1753 καί
1040 1690 1149 1769 Δαβίδ
1177 1686 1250 1761 τοῦς
1269 1708 1305 1749 τε
1327 1684 1432 1768 σάρα-

327 1787 403 1863 νσῦς
431 1785 486 1872 τὴν
518 1792 577 1857 τοῦ
597 1786 678 1855 θεοῦ
697 1793 879 1875 διηγεῖσθαι
913 1782 1011 1868 δόξαν
1040 1790 1138 1873 φησίν
1166 1784 1333 1870 άλαλὴτοις
1357 1811 1431 1873 φω-
1517 1827 1518 1836 1

260 1896 416 1970 Μναῖς,
446 1889 501 1955 καί
532 1886 735 1973 άμα.πᾶσαν
770 1877 978 1977 προτρέπεται
1010 1891 1108 1955 κτίσιν
1135 1888 1180 1963 εἷς
1207 1883 1308 1969 ῦμνσν
1338 1891 1429 1974 θεοῦ,
1517 1889 1518 1920 ¹

326 1984 382 2075 όση
406 1994 469 2056 ταῖν
489 1988 650 2075 Ιἐμψύχων
673 2016 706 2057 τε
727 1993 782 2057 καί
800 1994 870 2076 μη,
899 1992 955 2056 κατ’
986 1984 1045 2075 όση
1075 1992 1138 2054 τοῖν
1159 1991 1353 2075 αἰσθητικῶν
1375 1989 1432 2055 καί
1440 2005 1477 2059 15

300 2090 381 2176 μη.
425 2090 479 2155 καί
500 2090 546 2157 ἔτι
569 2089 589 2176 ἢ
612 2101 675 2169 τοίς
701 2095 940 2174 διδασκομένοις
970 2095 1120 2173 ἐντέχνως
1141 2093 1175 2155 ἐκ
1195 2088 1429 2172 προῦπαρχοῦ-
1517 2091 1518 2136 3

326 2218 384 2278 σης
402 2195 523 2276 γίνεται
545 2190 700 2273 γνιάοεως.
753 2198 787 2259 ἐν
817 2186 839 2281 ᾗ
861 2196 897 2259 τό
930 2195 1048 2259 είδίναι
1082 2191 1138 2256 καί
1163 2190 1198 2256 τό
1233 2182 1429 2258 ἐπίστασθαι
1517 2229 1518 2248 2

328 2291 469 2375 ἔχοντας,
492 2291 655 2369 δεκτικσῦς
669 2298 724 2377 τῆς
745 2297 947 2379 δημιουργοῦ
968 2298 1032 2359 τσῦν
1054 2290 1137 2384 όλων
1152 2297 1270 2377 σοφίας
1291 2292 1376 2376 ἡμᾶς
1397 2290 1430 2358 σῖ

330 2398 413 2458 θεῖσι
435 2398 566 2477 πατέρες
586 2391 747 2479 φάσκουσι
760 2394 904 2478 γίνεσθαι
927 2392 982 2461 τόν
1003 2390 1148 2470 ἑκάστοις
1171 2392 1278 2460 ἐνόντα
1295 2395 1428 2477 τρόπον.

317 2493 385 2558 ’καί
403 2490 438 2558 τό
463 2492 603 2577 γνωστόν
626 2496 681 2560 τοῦ
703 2495 783 2560 θεοῦ
804 2496 943 2583 φανερόν
959 2492 1011 2560 διό
1034 2498 1095 2561 τῦν
1119 2489 1309 2576 κτισμάτων.
1333 2486 1477 2564 ἄντι-20

329 2618 401 2670 στος
425 2598 460 2660 δὲ
482 2595 616 2682 σοφιάό
641 2593 711 2672 υἱός
733 2599 788 2660 καί
801 2595 893 2679 λόγος
913 2600 971 2662 τοῦ
985 2598 1075 2677 θεοῦ,
1100 2598 1142 2659 δι’
1160 2588 1200 2678 ἧς
1219 2596 1276 2660 καί
1293 2598 1328 2662 ἐν
1346 2588 1370 2682 ᾗ
1388 2594 1429 2660 τά

329 2693 431 2760 πάντα
453 2701 572 2781 γέγονε.
616 2695 697 2784 πλην
730 2699 807 2784 oripi
820 2699 918 2788 τοῦτιρ
941 2690 1074 2783 λόγοςῆ
1103 2696 1173 2776 υἱός
1195 2689 1296 2787 ᾦκαί
1316 2701 1429 2784 σοφία.

327 2914 439 2979 volant,
468 2912 521 2970 hoc
547 2913 597 2970 illo
623 2929 654 2970 ro
677 2915 769 2970 facere
793 2923 888 2969 contra
911 2931 942 2971 ae
970 2913 1078 2968 omuino
1106 2927 1161 2966 nou
1189 2912 1429 2968 animadvertebat.

327 2987 396 3040 haec
415 2987 561 3055 Gregoram
574 2990 695 3055 quamvis
714 2988 821 3039 omniuo
835 3003 889 3040 non
908 2987 997 3039 ridere
1016 2985 1153 3038 volentem
1170 2985 1358 3037 adridendum
1376 2987 1428 3038 ad.

328 3060 476 3124 duxerunt,
496 3067 523 3112 et
541 3066 570 3110 ut
596 3060 702 3112 oculum
722 3059 893 3112 cavillantem
916 3060 944 3110 in
967 3073 1026 3109 eum
1046 3058 1194 3109 coniiciens
1213 3056 1281 3108 hoec
1301 3057 1426 3111 diceret:

330 3130 451 3198 equidem
482 3131 658 3197 ignorantiam
690 3139 760 3183 tuam
788 3139 816 3182 et
842 3131 1032 3197 impudentiam
1056 3131 1201 3192 miserans,
1229 3129 1329 3191 amice,
1354 3145 1428 3180 nune

329 3216 436 3272 quoquo
455 3201 519 3255 volo
539 3217 630 3254 omnes
652 3218 829 3273 quaecunque
853 3217 947 3254 vocem
969 3201 1119 3268 sapientiae
1145 3200 1268 3251 dividunt
1285 3201 1429 3268 significa.

327 3275 415 3326 tiones
435 3274 576 3340 proferens
597 3275 742 3326 secundum
760 3275 892 3325 scientiae
910 3273 1041 3324 rationem
1059 3280 1086 3323 te
1104 3272 1220 3324 docere:
1238 3278 1268 3322 ut
1287 3271 1349 3322 iude
1368 3272 1428 3323 dis.

328 3361 384 3408 cae,
401 3333 432 3396 e‘n
451 3353 574 3414 quantum
593 3347 752 3413 pravitatem
771 3346 892 3414 adigatur
916 3346 939 3396 si
959 3344 1018 3412 quis
1038 3351 1153 3412 nugatus
1177 3349 1315 3410 pervertat
1335 3344 1429 3410 impu.

328 3418 423 3469 denter
443 3419 588 3484 scripturas
607 3417 721 3468 divinus.
760 3418 924 3485 sequendum
943 3417 1026 3484 igitur
1045 3423 1086 3466 est
1104 3414 1182 3466 nobis
1202 3414 1353 3467 divinorum
1373 3430 1428 3480 pa.

327 3496 395 3542 trum
415 3487 459 3540 hic
478 3503 585 3557 quoquo
604 3489 808 3540 institutionem.
846 3487 1008 3555 intelligitur
1033 3487 1102 3538 euim
1130 3487 1261 3552 sapientia
1280 3485 1430 3552 dupliciter

327 3559 471 3612 secuudum
492 3567 608 3611 creatum
629 3567 656 3612 et
676 3561 842 3624 increatum,
862 3567 942 3626 atque
962 3566 1051 3610 creata
1077 3558 1183 3627 quidem
1198 3558 1296 3610 dicitur
1313 3559 1429 3623 sapien.

317 3633 365 3683 tia
384 3646 424 3695 ea,
447 3646 515 3699 quae
536 3631 624 3683 inlusa
644 3639 684 3684 est
702 3647 717 3682 a
737 3633 786 3683 deo
808 3630 942 3698 simulque
962 3631 1086 3682 conlecta
1112 3629 1225 3692 creatis,
1242 3637 1274 3680 ut
1291 3631 1429 3695 sapientia

326 3700 375 3753 illa
394 3702 539 3755 secundum
557 3702 731 3756 Athanasium
746 3719 871 3771 magnum
883 3702 1006 3757 omnibus
1026 3702 1182 3753 riderentur
1193 3699 1326 3768 simulque
1345 3715 1427 3752 crea.

326 3781 385 3824 tore
404 3774 502 3843 digna:
521 3775 665 3826 secundnm
686 3790 762 3842 quam
781 3775 1006 3842 significationem
1025 3774 1105 3836 etiam
1127 3772 1213 3825 David
1231 3771 1324 3822 coelos
1343 3787 1427 3824 enar.

326 3859 387 3895 rare
405 3846 449 3896 (lei
468 3845 584 3913 gloriam
606 3846 671 3897 dicit
688 3847 766 3896 mutis
789 3845 899 3914 linguis.
943 3845 1075 3914 simulque
1109 3845 1196 3896 omnia
1215 3852 1306 3895 creata
1323 3843 1428 3896 cohor.

325 3922 395 3966 tatur
414 3915 446 3966 ad
465 3916 543 3967 deum
571 3915 777 3980 celebrandum,
798 3933 974 3986 quaecunque
995 3919 1082 3969 animo
1105 3915 1225 3982 praedita
1244 3923 1272 3966 et
1288 3916 1428 3981 destituta,

327 4001 503 4054 quaecunque
521 4002 602 4040 seusu
621 3997 683 4040 suut
701 3989 830 4054 praedita¹
842 3997 870 4040 ct
886 3989 1033 4054 destituta,
1053 3996 1081 4039 et
1098 4001 1179 4055 porro
1198 4000 1256 4051 eos,
1279 3988 1325 4054 qui
1346 3986 1429 4040 docto

326 4057 500 4110 instituuntur
520 4073 552 4110 ex
575 4061 731 4129 cognitione
761 4069 840 4112 antea
859 4060 1013 4113 substante:
1039 4061 1067 4111 in
1085 4075 1136 4128 qua
1155 4074 1215 4109 com
1235 4058 1375 4111 scientiam
1398 4068 1430 4111 et

326 4127 534 4196 intelligentiam
560 4129 702 4182 habeamus
727 4133 820 4184 testari
845 4147 894 4184 nos
920 4132 1077 4199 sapientiam
1102 4132 1189 4184 omnia
1215 4137 1350 4182 creantem
1376 4145 1428 4183 auo

327 4215 461 4269 quemquo
480 4201 560 4254 insito
580 4217 654 4254 more
673 4210 762 4268 patres
787 4205 873 4256 divini
892 4204 1076 4255 contendunts
1103 4217 1135 4253 ac
1154 4217 1222 4270 quae
1240 4202 1269 4253 in
1285 4202 1336 4253 deo
1356 4217 1429 4270 cog.

326 4271 402 4322 nosci
425 4281 537 4339 possunt
554 4273 627 4326 clara
648 4281 709 4326 suut
727 4276 843 4327 creatisz
862 4277 982 4328 increata
1002 4282 1090 4328 autem
1110 4281 1150 4327 est
1168 4274 1318 4341 sapientia,
1338 4273 1430 4343 (lilius

329 4348 356 4394 et
373 4343 536 4417 ratiodei),
556 4359 608 4415 qun
629 4352 656 4396 et
674 4345 701 4396 iu
720 4359 772 4414 qua
790 4348 917 4401 universa
937 4348 1008 4402 faeta
1024 4354 1094 4403 sunt
1128 4346 1176 4401 sed
1202 4359 1257 4400 noa
1276 4353 1318 4402 cat
1338 4346 1433 4400 eidem
