3184 5100
335 218 574 295 .,⁵?i‚

239 374 739 547 uranonmu'nu'gtuumtu
755 419 851 504 xxxj
874 385 1117 513 iol-tol.
1176 410 1259 513 dat*

150 586 245 657 θείαν
267 600 427 678 συνιστᾶν,
445 593 521 673 τοίς
548 603 607 679 μὲν
629 598 912 687 σροενηνεγμένους
935 601 1083 688 ἐλέγχους
1112 602 1258 683 ἐκείνους

150 690 238 778 αὐτῷ
257 695 312 759 καί
331 696 388 782 τήν
409 699 479 762 κατ’
501 700 602 765 adnot
621 704 774 785 χεθεῖσαν
800 705 919 789 χλεύην
939 706 992 791 ἐφ’
1018 698 1065 783 οἷς
1088 708 1250 792 προύθετο

149 800 230 857 πᾶσι
260 794 395 879 τάχιστα
428 786 642 881 ἐκλαθόμενος
673 802 726 868 διὰ
749 801 944 889 σκληρότητα
966 806 1021 871 καί
1043 807 1248 927 α’ναλγησίαν,

150 891 192 969 οἱς
217 890 309 978 ἔοικε,
333 898 468 987 γνοόμης,
491 895 603 1025 ἐτέρας
622 894 718 979 οιυθις
731 894 836 988 εἰσῆγε
858 906 959 989 λόγων
975 906 1161 995 προφάσεις,
1185 937 1249 975 αα-

116 998 459 1115 5ραθαρρίνοντας”
439 1025 522 1084 εχων
545 1002 650 1079 ὃσσιος
680 1002 779 1083 oded<
806 1002 1011 1085 θιασοίτας’
995 1017 1064 1075 sarsi
1082 1010 1121 1074 sci
1147 1035 1249 1096 ιιροσ-

147 1096 345 1179 τυγχάνοντα
367 1102 511 1184 λέγειν’
490 1106 551 1181 αεί,
572 1104 616 1189 μή
643 1110 806 1191 σιωπήσας
827 1105 898 1195 δὸξη
913 1112 1063 1174 νικᾶσθαι
1082 1119 1145 1186 τοῖς
1157 1112 1248 1177 πλεί-

148 1220 243 1279 στοις,
268 1197 300 1263 οἳ
319 1198 354 1263 τί
377 1205 468 1267 νικᾶν
485 1204 564 1295 μόνη
587 1205 625 1292 δή
647 1208 685 1293 τῇ
701 1207 872 1294 πολυλογία
885 1213 1152 1296 παραμετροῦσιν.
1175 1215 1249 1279 ι’τα-

146 1296 209 1377 μὸν
236 1297 296 1386 γὰρ
319 1305 339 1385 ή
362 1300 487 1382 οἷμοθία
511 1308 566 1370 καί
583 1308 711 1393 σφόδρα
732 1334 762 1373 τι
786 1310 935 1391 α’ναιδές,
960 1316 1015 1377 καί
1033 1318 1124 1397 φιλεῖ
1148 1338 1182 1398 γε
1204 1316 1248 1393 τίς
1314 1297 1360 1311 ⁸*

148 1398 188 1459 τοὶ
228 1400 327 1465 πολλα
365 1404 401 1468 sd
434 1411 489 1489 τῆς
525 1410 698 1529 μαθήσεως
736 1413 859 1488 ἐλλιπὲς
893 1416 1036 1497 θράσους
1071 1416 1247 1497 α’νασοόζειν

97 1510 136 1564 10
148 1504 327 1590 πλεονεξια
347 1505 403 1569 καί
429 1503 604 1603 μάλισθ”’
586 1534 661 1575 οταν
690 1506 893 1593 οἶμαθέσιν’
871 1525 1041 1600 ακροαταῖς
1063 1518 1244 1608 ἐντυγχανη.

147 1592 188 1662 ἐν
201 1597 246 1665 δὲ
266 1604 321 1668 καί
345 1606 478 1688 ι’ταμούς
495 1609 612 1691 ὁμοίως
633 1614 850 1699 ἐξεκίτηδες’
834 1622 937 1693 ευίους
955 1615 1013 1706 ἔχη
1033 1618 1247 1745 σνιρυίαστοὶς,

148 1696 285 1785 ἀσήμοις
307 1730 551 1789 ενιηιρστουντας
561 1722 714 1797 κραυγαῖς
738 1715 794 1779 καί
814 1720 852 1804 τῇ
873 1720 927 1802 τῆς
949 1720 1045 1803 α’κοής
1068 1723 1247 1785 α’ντιτιατα-

149 1804 282 1883 γοῦντας
308 1809 474 1897 ἐλευθερίᾳ
487 1836 542 1883 και
562 1819 754 1897 συγχέοντας
775 1839 808 1880 το
823 1820 879 1899 τῆς
901 1821 1053 1901 ἀληθείας
1074 1820 1246 1918 κριτήριον,

146 1906 208 1965 ποῦ
230 1901 289 1967 οὐκ
318 1930 358 1969 αν
388 1904 421 1970 τέ
447 1910 551 1975 δεινὸν
579 1914 760 2033 εου’θαιλείας
783 1922 940 2002 νιροβαίης
966 1916 1015 1982 διὸ
1039 1924 1095 1984 καί
1122 1926 1246 2002 βιβλιον
1256 1946 1342 2000 104

97 2016 134 2069 15
147 2027 198 2066 sus
235 2003 359 2081 τούτοις
396 2009 538 2099 ἅνεριγως
573 2037 587 2075 ο
623 2019 787 2095 Παλαμσῖς
816 2020 1013 2137 τίνεγίνρισκε
1046 2018 1139 2105 ῥήσιν
1169 2016 1245 2087 αλλο

110 2096 365 2185 λέγουσαν’
333 2130 415 2173 ειναι
443 2106 495 2176 τίν
519 2116 705 2199 ἐνεργοῦντα
735 2117 789 2181 καί
810 2110 886 2182 αλλο
908 2142 940 2183 το
967 2119 1161 2205 ἐνεργητικὸν
1191 2148 1245 2188 και

147 2198 223 2267 αλλο
252 2206 309 2290 τήν
330 2211 489 2337 ἐνέργειαν
511 2217 566 2278 καί
595 2209 919 2304 intercolumna.
965 2213 1032 2285 εἶτα
1069 2220 1246 2306 ήρμήνευεν

146 2303 207 2368 sind
231 2306 368 2390 γλώττης
399 2313 519 2437 ρίτός,
545 2318 731 2401 ἐνεργοῦντα
755 2322 816 2400 μὲν
844 2312 926 2385 εἶναι
949 2319 1004 2386 τόν
1034 2318 1171 2403 θεόν,
1155 2348 1245 2407 ενερ-

147 2408 275 2492 γητικέν
305 2414 340 2475 dd
375 2412 433 2498 τήν
463 2416 592 2544 ³ocioso,
628 2422 785 2503 ἐνέργειαν
815 2422 851 2484 δὲ
877 2418 935 2505 τήν
964 2446 1110 2487 ακτιστον
1143 2423 1248 2487 αίτου
1297 2440 1307 2457 ·

96 2506 295 2600 todennam,
318 2510 417 2601 ἄλλην
437 2512 537 2585 ουσαν
562 2523 620 2584 τοῦ
642 2523 849 2608 ἐνεργοῦντος,
866 2546 898 2586 τε
922 2526 977 2589 καί
998 2527 1161 2600 κινοῦντος
1182 2524 1246 2589 cri·

147 2608 224 2694 τήν,
258 2613 413 2703 ἐνέργημα
441 2623 481 2695 ,δέ
511 2618 545 2686 ro*
578 2622 795 2706 οἷαθτίλεσμα·
851 2614 931 2690 εἶναι
957 2628 986 2689 d'
1006 2629 1166 2710 ἐνέργειαν
1194 2627 1249 2692 καί
1304 2652 1306 2662 ·

146 2715 283 2798 ἐνεργεῖν
306 2723 340 2786 τὸ
366 2719 453 2786 ου’τὸ.
499 2723 553 2787 καί
573 2723 627 2787 ἐπί
645 2725 769 2801 τούτοις
792 2725 901 2809 ήριίτα
917 2728 953 2790 τί
972 2722 1011 2790 ἐν
1032 2724 1081 2811 εἴη
1101 2725 1136 2791 τί
1152 2730 1244 2811 ἐνερή

144 2826 211 2904 γεῖν
230 2819 380 2901 οἴεσθαις
403 2816 425 2907 ή
446 2825 485 2888 οὗ
504 2823 616 2891 ταύτὸν
639 2827 682 2913 τῷ
711 2827 917 2912 δημιουργεῖν
925 2847 938 2903 ;
959 2820 1014 2912 ἆρ’
1034 2821 1092 2892 οὖν
1114 2815 1264 2894 κτιστόν

146 3131 252 3184 firmare
270 3129 373 3196 vellet,
393 3129 556 3200 prolatorum
584 3110 799 3202 argumentorum
828 3131 936 3184 illomm
964 3140 991 3185 et
1019 3086 1199 3188 cavillationis
1217 3139 1246 3189 iu

149 3219 208 3255 eum
230 3195 329 3255 eliusae
353 3213 463 3272 propter
483 3219 523 3269 ea,
543 3219 612 3272 quae
641 3203 762 3256 omnibns
787 3205 945 3290 pronosuit,
974 3203 1074 3255 oblitus
1093 3204 1245 3273 celerrime,

146 3283 259 3342 propter
277 3275 394 3343 rigorem
414 3284 440 3328 et
466 3283 601 3344 torporem
631 3282 661 3326 ut
680 3275 785 3329 videtur
810 3277 907 3340 animi,
925 3275 991 3327 alias
1010 3291 1101 3327 rursus
1119 3278 1245 3329 introdu-

150 3347 227 3398 cebat
246 3361 398 3399 sermonum
417 3348 532 3415 specics,
552 3363 611 3399 cum
631 3347 741 3400 haberet
759 3347 903 3399 incitantes
921 3347 974 3411 ibi,
995 3346 1107 3416 qualis
1100 3364 1158 3416 ipse
1178 3357 1244 3413 orat,
1264 3372 1269 3379 1

148 3420 239 3470 socios
259 3419 291 3469 ad
310 3420 398 3470 omnia
417 3435 522 3485 semper
541 3420 652 3470 dicenda
665 3427 781 3486 paratos,
801 3434 836 3469 ue
855 3419 878 3470 si
897 3427 1000 3470 taceret
1015 3418 1153 3488 plerisque
1171 3419 1245 3471 vinci

147 3491 297 3556 videretur,
317 3491 362 3559 qui
381 3491 520 3542 victoriam
539 3488 703 3558 loquacitate
722 3490 780 3544 sola
798 3492 953 3542 metiuntur.
973 3490 1058 3541 audax
1074 3492 1144 3542 enim
1162 3491 1244 3556 iguo.

146 3563 234 3614 nautia
254 3570 295 3613 eet
314 3569 339 3613 et
357 3562 481 3628 prolecto
501 3561 579 3614 valde
598 3563 754 3629 impudens:
777 3569 804 3613 et
823 3570 892 3613 amat
906 3561 1063 3629 plerumque
1082 3562 1244 3629 cognitionis

146 3633 265 3699 inopiam
294 3635 437 3686 restituere
461 3635 588 3686 audaciae
618 3635 776 3688 accessione
797 3641 824 3685 et
851 3635 964 3684 maxime
984 3648 1043 3684 curu
1060 3633 1089 3683 in
1107 3633 1243 3684 auditores

146 3705 270 3756 indoctos
289 3705 397 3757 incidit:
429 3721 487 3757 cum
512 3713 598 3757 autem
624 3707 702 3756 etiam
727 3721 813 3774 aeque
838 3703 1077 3756 audaccs-alintim
1099 3704 1243 3756 nonnullos

146 3775 230 3827 babet
248 3775 378 3841 adseclas,
398 3778 443 3845 qui
463 3777 623 3829 elamoribus
642 3785 754 3844 crepent
777 3775 938 3827 indistinctis
965 3784 992 3828 et
1009 3783 1103 3827 contra
1119 3775 1243 3828 narrandi
1312 3823 1319 3838 ,

146 3847 300 3899 libertatem
322 3849 436 3900 fremant
455 3857 482 3900 et
500 3849 620 3903 veritatis
648 3863 765 3900 normam
787 3847 965 3910 confundant,
984 3861 1037 3915 quo
1055 3861 1110 3898 uon
1128 3861 1244 3916 progre-
1282 3885 1285 3888 -

146 3919 235 3969 diatur
253 3919 395 3986 superbiae
414 3918 587 3986 periculum?
621 3920 705 3988 igitur
727 3919 806 3970 etiam
824 3917 921 3970 librum
942 3927 1082 3984 practerea
1096 3918 1258 3971 revolvens&

145 3989 267 4042 Palamas
287 3990 418 4043 recitabat
438 3991 546 4055 dictum,
568 3990 638 4060 qnod
657 3991 708 4054 ait,
740 3989 815 4047 ¹uliud
835 4005 895 4041 csse
913 3989 1085 4056 allicientem,
1104 3988 1178 4042 aliud
1200 3989 1243 4040 ei.
1271 4005 1277 4012 ³

146 4061 226 4126 lieux,
248 4071 275 4114 ct
295 4062 367 4115 alind
387 4062 568 4128 efficientiam,
589 4061 661 4113 uliud
681 4062 813 4128 ellectum.
850 4069 905 4112 tam
925 4062 985 4128 ipse
1005 4077 1039 4114 ex
1056 4069 1178 4129 tempore
1198 4061 1244 4112 in-

147 4133 365 4218 terpretabatur3
393 4133 555 4185 allicientem
576 4148 635 4185 esse
655 4133 750 4200 deum,
779 4133 876 4184 ellicax
900 4130 1040 4187 naturama
1070 4134 1243 4186 efficientiam

146 4205 315 4256 divinitatem
335 4206 392 4256 eius
410 4206 554 4256 increatam
572 4219 641 4273 qnae
659 4204 713 4258 alia
734 4212 806 4257 esset
824 4211 904 4273 atque
919 4202 1040 4257 eliciens
1052 4220 1162 4274 eamque
1182 4217 1242 4254 mo-

145 4291 224 4354 vens,
244 4276 368 4326 ellectum
386 4291 445 4328 csse
465 4277 668 4348 perlectionem.
706 4292 766 4329 esse
785 4283 873 4327 autem
893 4276 1065 4328 efficientiam
1085 4283 1112 4328 et
1133 4275 1243 4326 allicere

145 4350 227 4400 uuum
246 4347 387 4415 idemque·
408 4355 434 4398 et
452 4354 592 4414 practerea
611 4347 765 4416 quaerebat,
786 4348 849 4417 quid
869 4355 941 4402 esset
959 4349 1102 4416 putandum
1122 4345 1242 4410 efficere,

236 4445 397 4517 Νὶαιρίιοτιιι
409 4445 519 4514 (ἕτερον.
544 4444 599 4500 vot.
613 4445 666 4498 ΙΙΙ.
1022 4446 1057 4499 22
