3184 5100
257 465 264 474 ,
312 422 535 492 nrssonran
560 419 820 491 nszmrmsn
838 427 953 494 xxm·
969 407 1123 495 lida
1213 419 1261 494 ut

158 590 293 670 σπάνει,
330 586 386 652 καί
412 583 480 671 άμα
507 589 675 666 νοσοῦντας
710 585 845 671 όροόντις
874 587 1003 665 όπόσνις
1035 593 1098 655 τάν
1125 582 1265 674 άρίσιινν

160 689 290 774 ἀνδρῶν
318 690 363 774 μὴ
386 691 546 772 πολεμίου
563 693 675 777 ξίφους
705 690 874 774 τετύχηκεν
893 687 986 774 ἐργον
1007 693 1175 773 γενέσθαι,
1198 697 1266 766 solt

158 796 222 858 τοόν
247 789 423 873 βαρβάρων
454 791 712 876 προσωρμίζαντο
744 792 869 871 λιμέσιν
888 786 1073 870 ἐνσπόνδοις
1092 782 1202 875 odota,
1222 785 1266 866 οἷς

161 892 310 978 εἴρηται,
341 894 472 978 τροφόν
502 913 537 956 τε
571 894 674 956 εἵνεκα
706 893 761 955 καί
788 893 944 956 πλείστων
975 883 1080 956 άλλων
1115 891 1170 957 καί
1207 915 1267 974 μι-

137 993 268 1078 syrites
299 996 352 1058 κατ’
376 995 587 1058 παντοδαπῶν
615 988 772 1072 ἐλπίδων,
803 994 859 1057 καί
887 991 967 1077 πρός
990 1015 1025 1075 γε
1050 990 1095 1058 ἐτι
1131 991 1291 1060 θάπτειν’

162 1100 197 1162 ἐν
229 1095 381 1183 άλλοτρίρ
411 1089 522 1179 πόρρω
550 1116 613 1158 που
645 1095 701 1176 τῆς
733 1095 850 1170 οίκείας
877 1097 934 1177 γῆς
957 1092 1032 1171 ναός
1060 1093 1194 1171 οἰκείους
1215 1119 1267 1159 νε-

162 1197 281 1282 κροός,
311 1194 356 1280 μὴ
378 1196 443 1260 τιόν
473 1197 619 1278 γαμετῶν
642 1193 697 1260 καί
716 1197 834 1260 τέκνων
854 1195 1107 1277 αἰσθανομένων.
1148 1198 1331 1269 τοσοῦ-ιι

163 1321 218 1363 τον
240 1296 303 1380 γάρ
328 1297 387 1381 τὴν
417 1297 481 1361 τάν
506 1300 664 1377 πολεμίων
690 1294 933 1383 κατεπλάγησαν
963 1293 1085 1378 τόλμαν
1114 1291 1188 1363 ὥστ’
1210 1298 1267 1362 οόκ

162 1399 274 1481 άρκεῖν
300 1393 454 1478 ἐνόμισαν
473 1399 659 1482 βαρβάρους
687 1396 721 1492 ἐκ
746 1400 805 1462 τοό
827 1394 946 1483 σχεδόν
972 1394 1010 1462 τά
1028 1400 1161 1482 μίγιστα
1185 1402 1266 1483 βοτρ-

124 1513 154 1567 10
164 1503 305 1574 θοόντας
325 1496 468 1582 ἔχοντες,
491 1497 572 1565 α’λλά
594 1503 648 1564 καί
676 1497 733 1576 τάς
754 1502 817 1566 τόν
839 1499 964 1565 οίκείων
983 1499 1135 1584 μεγίστας
1167 1496 1267 1564 όλκά-

164 1604 224 1676 δας
249 1600 419 1683 ἀναγκαίαν
440 1597 545 1677 ἔδοξεν
564 1598 740 1684 α’γαγόντας
760 1599 913 1687 στιχρδόν
934 1600 1016 1666 κατά
1032 1602 1179 1681 μέτωπον
1200 1625 1264 1665 πα·
1343 1651 1353 1669 ι

165 1700 394 1787 ραστὴσασθαι
417 1703 506 1788 δίκην
523 1695 652 1786 πόργων
673 1709 729 1768 καί
749 1705 875 1789 τειχῶν,
897 1701 1093 1788 στραιιιότας
1116 1700 1267 1785 παμπόλ-

164 1812 239 1878 λους
261 1799 408 1888 ἐχοόσας,
429 1804 619 1888 ἐπίστευόν
639 1804 916 1889 καταστρωμάτων
945 1805 1002 1868 καί
1028 1797 1095 1867 άνω
1116 1800 1204 1889 παρά
1226 1800 1265 1868 τά

164 1907 228 1968 ταῖν
250 1901 348 1968 ίστοόν
370 1903 556 1990 άκρωτὴρια
573 1907 672 1970 λίθων
695 1908 1017 1990 παρεσκευασμένους
1040 1900 1172 1984 ἔχοντας
1201 1927 1268 1967 σω-

126 2019 154 2072 lb
165 2005 244 2090 ραός
265 2007 298 2082 ἐς
321 2004 357 2071 τό
372 2007 570 2088 ἐπιρρόπτειν
588 2015 654 2084 τοῖς
674 2006 837 2086 πολεμίοις
853 2009 907 2070 καί
919 2003 974 2070 τόν
989 2008 1143 2069 ἐπίπλουν
1158 2002 1268 2089 άνείρ-

163 2131 231 2190 γειν
255 2107 374 2172 αόταόν.
425 2109 502 2190 νῆας
524 2109 550 2172 δ’
582 2105 709 2190 ἔχοντες
729 2105 784 2171 τόν
805 2103 953 2191 α’ριθμόν
973 2102 1121 2180 ἐλάττους
1142 2099 1163 2190 ἢ
1185 2103 1267 2174 κατὰ

162 2204 219 2282 τάς
240 2211 421 2289 πολεμίας,
444 2212 499 2273 καί
520 2209 639 2273 τούτων
666 2208 722 2287 τάς
742 2211 766 2248 ’ί
788 2213 916 2283 πλείους
948 2202 1089 2291 ἐρήμους
1110 2221 1393 2292 στρατια-Μῦν.

162 2309 246 2387 τόν,
277 2314 318 2396 τῇ
347 2333 380 2374 τε
414 2315 579 2397 ναυμαχίᾳ
600 2313 655 2392 καί
675 2315 713 2400 τῇ
735 2310 868 2376 κατόπιν
887 2312 942 2393 τῆς
974 2311 1160 2391 ναυμαχίας
1186 2305 1268 2397 νόσρι

163 2413 362 2495 φθαρέντων,
386 2415 431 2486 εἰς
444 2410 582 2494 α’νόγκας
601 2405 701 2500 ᾔεσαν
718 2415 773 2478 καί
793 2412 887 2478 αότοί
900 2408 1135 2497 μισθοφορικόν
1153 2411 1269 2491 α’θροί.

125 2529 155 2583 20
166 2512 231 2590 ζειν
253 2510 286 2592 ἐξ
313 2511 495 2599 ἀλλοδαπῆς
521 2512 585 2583 Ικαί
614 2513 812 2599 στρατιώτας
839 2511 873 2579 ἐκ
907 2513 971 2580 ναόν
992 2515 1148 2579 Βιθυνιόν
1170 2517 1270 2577 κατα··Ι

166 2616 303 2700 γράφειν
323 2610 518 2698 βαρβάρων,
542 2612 721 2691 ἐνδιδόντος
745 2620 803 2681 τοῦ
825 2619 916 2703 σφάν
938 2614 1091 2700 ἡγεμόνος
1114 2612 1270 2697 Ὑρκανοῦ

166 2714 364 2795 παμπόλλων
386 2718 476 2781 ἕνεκα
495 2714 681 2802 χρημάτων.
723 2716 964 2800 μισθωσάμενοι
984 2718 1089 2781 τοίνυν
1107 2711 1190 2797 όπέρ
1211 2738 1268 2796 χι-

166 2818 255 2895 λίους
276 2819 399 2882 ἐκεῖθεν
420 2817 537 2901 ψιλοός
553 2820 680 2901 διεῖλον,
701 2820 756 2883 καί
775 2809 851 2896 νοός
869 2823 929 2901 μὲν
947 2820 1168 2904 παραβοηθεῖν
1189 2818 1267 2901 δεῆ-

989 3094 998 3116 ,
1284 3097 1293 3106 ,

166 3142 181 3176 a
200 3120 322 3176 barbaris
340 3122 458 3177 incultae
477 3122 589 3191 stabant,
608 3128 799 3195 praetervecti.
835 3140 895 3177 nam
914 3124 934 3177 ii
953 3141 1060 3195 quoqne
1077 3126 1179 3195 pariter
1193 3142 1268 3186 eom-
1369 3185 1374 3198 ¹

166 3204 270 3248 meatus
289 3196 381 3263 inopia
398 3196 551 3249 laborantes
572 3206 598 3249 et
616 3198 689 3249 viros
709 3198 884 3263 fortissimos,
907 3199 952 3267 qni
971 3196 1061 3267 gladio
1080 3196 1195 3249 bostium
1214 3213 1268 3250 non

166 3268 301 3334 absumpti
332 3276 422 3331 crant,
446 3268 539 3320 morbo
566 3270 676 3321 all'eetos
701 3271 824 3322 videntes
851 3270 883 3321 ad
909 3277 1001 3337 portus
1026 3268 1197 3320 barbarorum
1217 3268 1268 3321 sibi

167 3338 436 3406 confoederatorum,
461 3348 490 3391 ut
515 3356 594 3409 supra
620 3342 874 3406 demonstravimus,
900 3340 1076 3409 appulerant,
1095 3346 1124 3391 ut
1143 3338 1270 3393 alimenta

165 3411 219 3463 sibi
239 3412 410 3482 acquirerent
438 3411 545 3479 aliaque
564 3413 647 3465 multa
672 3421 699 3464 et
721 3430 815 3482 magna
837 3414 972 3465 commoda
998 3415 1172 3480 impetrarent
1189 3419 1270 3480 atque

168 3490 289 3533 mortuos
308 3480 402 3548 procul
421 3500 436 3533 a
455 3485 541 3549 patria
558 3485 586 3536 in
605 3484 693 3536 aliena
711 3492 782 3537 terra
798 3485 955 3551 sepelirent,
974 3484 1066 3553 neque
1073 3481 1201 3535 uxoribus
1219 3498 1271 3533 neo

167 3554 263 3605 liberis
281 3554 308 3604 id
326 3553 511 3607 sentientibus.
558 3572 643 3625 usque
667 3556 734 3608 adeo
762 3558 832 3608 enim
850 3556 966 3608 bostium
993 3556 1103 3607 audacia
1131 3554 1270 3606 conterriti

169 3632 260 3689 eraut,
288 3632 318 3675 nt
335 3639 389 3675 non
418 3626 545 3678 suliicere
569 3628 774 3693 arbitrarentur,
802 3630 825 3680 si
853 3628 959 3680 barbari
987 3642 1021 3678 ex
1043 3625 1193 3694 propinquo
1219 3624 1271 3676 sibi

169 3711 247 3764 quam
272 3697 385 3746 maxime
410 3698 620 3763 auxiliarentur,
653 3700 700 3752 sed
726 3700 806 3751 etlam
834 3699 1015 3752 necessarium
1041 3713 1101 3750 esse
1132 3696 1271 3760 ducerent,

168 3768 296 3819 maximas
313 3767 421 3819 navium
436 3772 617 3821 onerariarum
636 3787 684 3838 per
695 3771 821 3839 singulos
839 3772 947 3822 ordines
965 3770 1077 3820 turrium
1093 3776 1120 3819 et
1138 3769 1271 3821 moenium
1352 3787 1355 3795 ’

169 3840 257 3891 instar
276 3840 303 3889 in
323 3838 413 3891 leonte
433 3840 580 3895 collocatas
599 3858 694 3911 magno
714 3843 827 3895 militnm
845 3855 957 3893 numero
977 3840 1124 3907 complere,
1143 3841 1188 3908 qui
1207 3856 1271 3893 saxa

169 3911 197 3961 in
218 3910 360 3962 constratis
386 3920 413 3963 et
439 3913 471 3965 ad
498 3928 613 3965 summos
638 3914 722 3969 malos
748 3912 881 3965 cumulata
899 3913 927 3964 in
956 3912 1048 3964 hostes
1069 3913 1222 3975 inlicerent,
1241 3920 1271 3963 ut

170 3996 263 4033 eorum
282 3982 409 4049 impetum
430 3984 612 4051 prohiberent.
660 3987 767 4038 navium
793 4000 957 4053 veroquam
985 3984 1114 4035 minorem
1132 3998 1270 4036 numerum

169 4067 248 4121 quam
271 4052 362 4105 hostes
381 4070 494 4124 eumque
522 4057 677 4123 maiorecx
696 4064 771 4125 parte
794 4073 908 4109 vaenum
927 4056 1075 4120 baberent,
1094 4054 1226 4107 militibus
1243 4063 1272 4105 et

168 4122 275 4190 proelio
293 4124 386 4177 navali
407 4134 434 4178 et
452 4128 544 4179 morbo
563 4136 657 4195 postca
668 4130 811 4196 ingruente
831 4128 986 4196 absumptis,
1004 4128 1185 4179 mercenarios
1203 4141 1271 4178 eon-

169 4195 270 4247 ducero
289 4212 323 4247 ex
343 4200 486 4264 peregrina
505 4208 576 4251 terra
595 4202 680 4251 coacti
697 4200 796 4251 milltes
816 4208 843 4251 et
857 4199 980 4266 bithynis
993 4199 1112 4251 barbaris
1131 4199 1271 4263 conscrip-

169 4282 241 4331 sere,
262 4268 330 4319 duce
351 4282 443 4320 eorum
463 4271 585 4336 llyrcano
605 4273 719 4338 pecunia
738 4272 832 4339 grandi
853 4271 1033 4338 permittente<
1058 4270 1195 4321 conductis
1216 4268 1272 4334 igi-

169 4344 212 4387 tur
232 4336 294 4405 plus
313 4338 389 4391 mille
411 4340 480 4393 levis
508 4349 654 4394 armaturae
679 4342 807 4395 militibus
831 4343 954 4395 bilariam
977 4357 1024 4394 eos
1047 4342 1182 4403 divisere3
1200 4338 1271 4389 alte..
1308 4347 1317 4353 ·
