3184 5100
1248 334 1256 371 l

324 333 399 441 tob
518 393 521 399 ,
553 443 559 453 s
603 364 850 459 'uramuoar
882 310 1138 437 caucousu'

324 532 466 619 α’ρχηγός
493 530 609 617 ἐκείνης
639 531 790 615 χιλιάδας
832 531 907 614 ἡμῖν
940 532 1114 614 χρημάτων
1145 517 1274 612 πέμψαξ
1306 537 1427 599 ἐκεῖθεν

326 631 404 710 ὅσας
427 638 504 717 δῆτα
527 633 581 697 καί
601 632 789 717 ἐπεπόμφει,
811 635 854 696 δι’
873 632 977 697 αύταῖν
1008 633 1097 715 η’ξιόυ
1117 638 1280 699 τελεῖσθαι
1300 635 1335 699 τό
1359 642 1425 700 λεϊ-

197 754 216 808 l.
231 753 280 806 111
295 768 316 803 r.
329 760 387 801 πον
411 737 620 818 ἐκεῖνομέρος
641 739 704 799 rori
719 735 810 797 θείου
823 735 892 813 νεοό,
913 735 1173 816 ἐπαγγελλόμενος
1188 732 1235 798 ἔτι
1251 740 1308 801 καί
1327 742 1425 801 πλείω

263 858 318 909 8⁰
330 842 464 917 πέμπειν
492 841 613 901 ἐκεῖθεν
641 830 713 919 ἑξῆς
743 833 824 901 κατά
859 834 901 899 τό
923 837 978 918 τῆς
1000 839 1114 917 χρειάς
1145 834 1307 917 άνάλοχον.
1351 836 1425 903 δδέ

327 937 479 1021 βασιλεύς
498 935 587 1016 ύμοῖν
609 936 736 1021 ούτοσδ,
754 940 809 1001 καί
828 940 906 1001 θεοῦ
937 938 991 999 καί
1010 934 1189 1018 ἀνθρώπων
1215 939 1300 1001 ἀι’δά
1320 942 1451 1002 καθα-5

327 1044 452 1123 βρίσας,
473 1043 528 1103 καί
547 1042 635 1125 δίκης
657 1043 748 1113 θείας
768 1038 904 1121 θρόνους
923 1035 1060 1118 σεμνούς
1081 1036 1236 1119 παριδοόν,
1260 1038 1426 1125 ἀφῄρηται

319 1144 385 1229 μὲν
405 1141 493 1223 ἡμῶν
514 1138 623 1204 ἐκείνου
640 1138 678 1203 τά
700 1138 868 1222 χρήματα,
893 1140 1041 1223 πέπομφε
1073 1140 1103 1203 δ’
1120 1132 1260 1225 Ὺρκανρῖ
1283 1140 1328 1224 τςό
1348 1142 1426 1203 α’σε-
1514 1150 1515 1243 χ

230 1254 236 1274 ¹
327 1240 469 1328 βεοτάτηι
481 1243 627 1328 γαμβρῷ,
648 1238 815 1326 προφανὴς
835 1234 1000 1324 ἱερόσυλος
1016 1236 1258 1319 καθιστάμενος,
1280 1242 1333 1303 καί
1352 1240 1426 1303 δαί-

247 1384 254 1390 -
327 1366 403 1421 μασι
422 1339 512 1404 θύων
532 1336 576 1403 τά,
594 1339 694 1419 τίμια.
749 1334 836 1421 ὅμως
855 1341 889 1403 τί
906 1342 997 1431 τούτο
1029 1338 1108 1423 πρός
1128 1362 1163 1421 γε
1181 1335 1220 1403 τά
1243 1334 1318 1422 ἡμῖν
1337 1341 1426 1403 άνω·

328 1444 408 1522 τέρω
437 1446 617 1522 λεχθέντας
651 1442 692 1503 ου’
720 1439 782 1527 γάρ
813 1442 923 1519 μεῖζον
953 1441 1039 1505 τοῦτ’
1070 1440 1192 1503 ἐκείνου
1215 1462 1249 1521 χε
1282 1442 1339 1503 τού
1361 1448 1426 1514 τοῖς
1437 1452 1470 1507 10

329 1540 439 1614 αύτοῖς
458 1541 633 1625 βαρβάροις
655 1540 866 1627 χριστιανούς
887 1538 1076 1623 προδιδόναι
1098 1542 1272 1623 διηνεκοῦς,
1290 1542 1346 1605 καί
1367 1565 1428 1603 κα-

297 1675 300 1679 ⁴
329 1643 434 1722 θάπερ
461 1641 561 1723 ἱερεῖα
582 1640 635 1705 διά
660 1645 723 1707 τάν
745 1646 948 1729 φαινομένων
970 1637 1090 1705 τούτων
1108 1639 1279 1725 προσάγειν
1298 1651 1362 1717 τοῖς
1380 1640 1424 1725 μη

330 1745 534 1826 φαινομένοις
566 1745 696 1823 δαίμοσι
731 1742 790 1820 τάς
822 1746 949 1809 ἐκείνων
981 1738 1101 1824 ψυχάς.
1155 1746 1293 1826 θέατρον
1325 1742 1428 1817 τοίνυν

331 1844 474 1924 α’χχέλοις
495 1842 551 1914 καί
580 1848 761 1929 α’νθροάποις
789 1844 978 1923 ἐλεούμενον
1003 1838 1018 1905 δ
1050 1846 1137 1918 θεῖος
1161 1838 1264 1925 οἶκος,
1289 1842 1324 1908 τό
1346 1848 1427 1928 μέγα

329 1945 423 2007 τοῦτο
441 1948 556 2025 θαῦμα
573 1950 630 2029 τῆς
652 1947 1161 2031 οἰκουμένηςἐγκαταλέλειπται,
1190 1950 1245 2009 καί
1272 1944 1316 2029 μὴ
1346 1945 1429 2029 ἔχων
1441 1962 1472 2017 15

331 2037 404 2107 ὅποι
427 2049 483 2128 τῆς
505 2046 690 2130 οἰκουμένης
711 2051 880 2129 πρεσβείαν
901 2048 1032 2129 πέμψας
1057 2042 1114 2129 τόν
1140 2046 1267 2109 άδικίαν
1290 2048 1430 2130 άπαχγε-
1514 2068 1515 2109 t

330 2150 395 2223 λεΐ,
427 2144 579 2230 νοσούσης
613 2143 739 2231 άπάσης
769 2148 809 2209 δι’
835 2141 905 2220 ἑνός
938 2144 1054 2227 α’νδρός
1075 2150 1279 2230 μοχθηρίαν,
1301 2146 1430 2211 ἵσταται
1514 2160 1515 2181 1

331 2245 441 2323 λοιπόν
460 2249 517 2309 ἐπί
535 2250 636 2326 μέσου
656 2249 798 2328 θεάτρου
824 2250 879 2329 τῆς
901 2247 1086 2330 οἰκουμένης
1109 2256 1232 2330 φωναῖς
1255 2244 1429 2333 άφθόχχοις

330 2349 392 2409 τοδν
416 2349 525 2411 αἰτίων
555 2350 684 2429 θρηναῖν
712 2345 768 2430 την
794 2344 1030 2431 α’χνωμοσύνην.
1079 2348 1125 2421 εἷς
1152 2350 1292 2411 τοιοῦτον
1321 2351 1428 2411 τοίνυν
1514 2368 1515 2435 l

331 2447 386 2509 καί
412 2449 595 2531 τηλικοῦτον
623 2447 726 2526 βάθος
763 2450 868 2510 κακῶν
897 2445 1062 2527 ἐμπεσόντι
1092 2458 1181 2523 ποῖος
1216 2444 1487 2527 α’δαμάντινοςρο·

332 2542 520 2631 λοχισμόςῆ
549 2548 623 2621 ποία
653 2547 759 2633 λιθίνη
781 2545 873 2634 ψύχη
904 2557 1061 2613 κοινωνεῖν
1091 2555 1156 2614 τοῦν
1178 2548 1322 2632 αἰσχράν
1343 2548 1430 2638 αύτῷ

331 2653 506 2732 βούληθείη
526 2653 621 2730 πστέ;
1427 2653 1433 2659 ’

267 2761 319 2814 π
435 2753 543 2814 Ταῦτα
573 2749 613 2832 δη
647 2750 704 2815 καί
722 2750 820 2815 πλείω
841 2747 965 2818 τούτων
996 2751 1178 2836 προειπιόν,
1207 2754 1263 2815 καί
1290 2747 1430 2816 ἐπειπάν
1471 2740 1473 2743 ’

332 2849 486 2928 α’νιόμαλά
510 2875 545 2914 τε
567 2854 622 2916 καί
635 2853 745 2937 α’φελῆ
764 2855 819 2916 καί
844 2853 1032 2934 α’ταμίευτον
1059 2856 1118 2933 μὲν
1139 2851 1252 2935 ἔχοντα
1272 2850 1330 2936 τήν
1351 2877 1430 2936 τρα.
1514 2855 1515 2876 ¹

331 2953 452 3035 χύτητα
473 2956 676 3036 μακροτέρων
698 2954 733 3017 δέ
749 2957 887 3036 γέμοντα
908 2953 972 3017 τοῖν
995 2955 1180 3038 λοιδοριῶν,
1204 2953 1333 3018 εἰσιέναι
1353 2949 1473 3028 τούςυῡ
1514 2959 1515 3046 l

450 3076 459 3080 ⁶
1514 3077 1515 3128 l

334 3274 398 3327 ceps
415 3274 464 3326 pro
482 3259 652 3316 necessitatis
672 3259 777 3311 ratione
789 3273 820 3311 se
838 3259 977 3311 missurum
990 3257 1137 3326 pollicitus.
1161 3273 1210 3310 rex
1227 3271 1294 3311 vero
1312 3256 1357 3310 hic
1376 3273 1430 3310 uo.

333 3341 398 3393 ster,
416 3331 525 3381 dimisso
545 3344 609 3398 erga
633 3331 709 3380 deum
737 3325 914 3398 hominesque
938 3331 1040 3398 pudore
1068 3339 1095 3382 et
1120 3329 1246 3398 neglecta
1276 3331 1430 3382 veneranda
1514 3361 1515 3392 ι

332 3404 423 3454 divina
441 3402 543 3453 iustitia
561 3403 689 3468 pecunias
708 3401 769 3452 illas
792 3401 870 3452 nobis
890 3401 1000 3453 abstulit
1028 3410 1054 3454 et
1079 3403 1154 3464 misit
1177 3401 1300 3468 Hyrcano
1325 3415 1428 3468 genero
1514 3423 1515 3490 η

332 3488 381 3524 suo
400 3473 532 3524 scelerato
551 3472 707 3523 manifestus
726 3472 882 3539 templorum
903 3472 952 3524 ille
967 3472 1096 3540 spoliator
1124 3481 1150 3525 et
1174 3473 1224 3524 diis
1247 3473 1316 3524 dona
1335 3487 1429 3538 sacra.

332 3540 381 3596 vit.
419 3551 534 3595 attamen
563 3543 625 3611 quid
650 3543 717 3593 baec
749 3545 781 3594 ad
810 3543 857 3594 illa
883 3559 951 3612 quae
970 3559 1049 3610 supra
1073 3543 1215 3614 dixeram?
1243 3541 1327 3594 multo
1358 3545 1429 3594 enirn

332 3616 442 3684 gravius
463 3623 503 3666 est
520 3616 586 3681 ipsis
604 3614 723 3681 barbaris
736 3615 901 3668 Christianos
924 3617 1050 3666 continuo
1069 3617 1175 3666 tradere
1193 3623 1362 3682 ettaoquam
1382 3630 1428 3666 sa.

333 3701 377 3737 cra
396 3702 465 3752 quae
485 3685 571 3736 oculis
591 3693 743 3749 oemuntun
760 3686 810 3738 diis
831 3687 877 3754 qui
901 3701 955 3737 non
975 3687 1049 3737 cerni
1075 3685 1161 3737 oculis
1179 3694 1300 3754 possunt,
1319 3684 1428 3737 illorum

332 3758 431 3808 animas
451 3758 612 3809 sacrificare.
656 3758 747 3824 itaque¹
767 3757 894 3824 neglecta
921 3758 1013 3808 domus
1038 3757 1087 3808 illa
1118 3749 1273 3809 miraculum
1298 3757 1429 3824 quoddam

330 3835 419 3878 terrac
441 3835 467 3877 et
486 3827 590 3895 angelis
612 3835 639 3878 et
658 3828 808 3878 bominibus
827 3829 1001 3880 miserrimum
1018 3828 1200 3896 spectaculum
1219 3827 1373 3896 praebebat.
1402 3835 1430 3878 et

189 3952 192 3957 ⁸
331 3913 410 3964 quum
428 3912 483 3948 non
503 3906 575 3948 essct
593 3914 644 3965 quo
663 3907 792 3950 terrarum
812 3901 979 3952 mitterentur
998 3901 1043 3968 qui
1064 3899 1175 3950 iniurias
1194 3901 1266 3967 regis
1283 3899 1427 3950 referrent.

260 4021 264 4026 ,
332 3983 410 4035 quum
430 3969 518 4018 omnia
539 3969 619 4019 unius
638 3971 690 4021 viri
709 3978 787 4037 pecte
812 3969 982 4036 laborarent,
1011 3971 1116 4022 taudem
1141 3972 1307 4022 miseriarum
1326 3970 1429 4037 iniqui.

198 4079 206 4099 Ι
231 4070 235 4076 -
329 4046 410 4089 tatem
428 4037 640 4090 luculentissime
659 4049 720 4092 ante
741 4040 835 4092 ocules
860 4045 957 4108 posuit.
995 4043 1045 4093 iarn
1065 4055 1131 4093 vero
1152 4042 1210 4109 quis
1230 4049 1258 4092 ut
1276 4049 1329 4092 tam
1347 4041 1429 4092 durus

259 4142 265 4151 ‚
331 4117 358 4159 et
374 4109 479 4160 ferreus
498 4117 526 4159 ut
546 4125 604 4160 cum
622 4127 688 4178 rege
708 4112 787 4164 iaciat
806 4121 878 4164 tanta
895 4129 1078 4165 aerumnarum
1099 4111 1170 4164 mole
1190 4109 1310 4164 obruto?

430 4203 504 4268 Quae
530 4220 608 4271 quum
638 4205 750 4258 dixisset
778 4207 913 4276 multaque
936 4206 990 4258 alia
1012 4207 1169 4274 simpliciter
1197 4207 1267 4259 dicta
1285 4207 1431 4258 addidisset

318 4273 476 4332 ‘acerbitate
496 4283 523 4327 et
538 4276 685 4354 ignominia
699 4277 780 4346 plena
794 4278 870 4330 abire
888 4278 993 4348 legatos
1010 4279 1096 4334 iussit.
1138 4287 1219 4348 atque
1237 4278 1327 4333 multis
1346 4293 1428 4347 prae.
