3184 5100
296 400 517 515 assuerum
545 401 804 477 emturum
825 407 917 475 xxx.
932 388 1121 476 tt-so.
1195 401 1276 477 eea

166 565 321 653 τοιαύτην
342 562 427 653 ἔχειν
444 566 498 635 τόν
509 567 585 635 θεὸν
597 567 653 654 την
674 573 789 655 γνῶσιν
806 563 919 635 ύαούαν
941 570 995 636 καί
1016 568 1123 656 ἡμεῖς·
1165 573 1197 637 εἰ
1216 567 1275 657 peip

74 708 79 718 =
166 662 310 755 Ι[ιύσιιερ]
336 670 437 753 ἡμεῖς,
460 668 566 755 ἕτερον
586 676 645 753 μέν
667 697 697 737 τι
720 670 803 738 ε’στύν
821 667 1022 756 ἓτέραύέτις
1041 677 1116 756 παρ’
1138 672 1236 737 αύτύν
1258 670 1277 756 ἦ

174 775 208 836 έν
223 772 307 859 αύτῷ
328 777 460 854 μνοόσιςἸ
470 772 617 849 σύνθετος
639 771 728 839 ἔσται
746 778 802 838 καί
817 775 880 856 ούχ
903 773 1036 852 ἁπλοῦς.
1079 772 1127 839 ἔτι
1148 776 1275 859 εἰιειίιερ

173 869 193 953 ἦ
216 876 346 956 estnon
366 877 423 937 τού
445 876 523 939 θεοῦ
545 868 632 939 έκτὸν
662 876 716 939 καί
738 873 893 958 διάφορον
915 874 993 941 uerri
1024 879 1060 941 σὲ
1080 878 1146 958 τῆς
1165 876 1276 950 ούσιμς

145 968 270 1053 beant,
295 969 419 1038 ἔσονται
440 968 504 1059 ἄρα
528 982 613 1057 τρεῖς
635 974 688 1041 ε’τιέ
704 974 853 1059 Χριστοῦ
875 972 1031 1062 θελησεις,
1054 979 1193 1058 μιάμὲν
1213 976 1276 1039 αύ-

172 1072 226 1147 sig
250 1072 267 1135 ύ
288 1067 367 1153 υἱύς,
388 1077 519 1158 θέλησις
543 1069 588 1139 νύν
608 1077 665 1140 τοῦ
688 1072 811 1160 πατρὸς
838 1073 917 1141 aare
951 1074 1026 1151 τούς
1046 1081 1155 1151 θείους
1176 1079 1276 1141 ποτέ·
1303 1143 1313 1155 ‚

174 1198 243 1261 ρας,
267 1176 403 1259 δευτέρα
435 1178 464 1239 δ’
485 1172 524 1259 ἣν
556 1174 666 1253 ὁυῖὀς
701 1175 768 1259 ἔχει
798 1173 952 1261 διάφορον
983 1171 1103 1241 ἑαυτοῦ
1124 1174 1203 1242 κατὰ
1228 1178 1275 1257 σέ,

174 1277 229 1340 καὶ
249 1280 338 1361 τρίτη
361 1275 380 1359 ἡ
401 1280 455 1361 τῆς
478 1275 735 1365 α’νθρωιτύτηεος.
784 1272 877 1343 iisne*
895 1281 949 1361 τῆς
978 1282 1040 1343 τῶν
1061 1282 1275 1359 μονοθελιτιύν

174 1380 376 1459 δυσσεβείας
396 1378 607 1463 α’τονιιύτερον.
663 1380 733 1444 εἰιεί
764 1384 800 1445 δὲ
832 1381 923 1453 καὶὸ
951 1386 1051 1464 μέγας
1076 1378 1274 1456 Ἀθανύσιος

129 1481 163 1533 10
174 1478 299 1560 ἀσεβεῖς
330 1476 505 1563 διαρρήδην
536 1488 630 1545 καλεῖ
646 1480 721 1557 τούς
756 1478 801 1565 μὴ
826 1484 1018 1565 δεχομένους
1037 1484 1189 1567 βούλησιν
1212 1484 1275 1547 ου’-

172 1578 228 1643 τὸν
248 1572 330 1643 εἶναι
350 1578 406 1644 τόν
427 1578 510 1665 υἱόν,
534 1579 652 1665 α’σεβης
675 1583 865 1667 αύτύχρημα
888 1583 943 1647 καὶ
962 1578 1040 1647 κοντοὶ
1059 1586 1153 1649 τούτο
1168 1588 1209 1649 σὺ
1232 1583 1272 1649 τοὶ

172 1681 299 1746 ἐκείνων
330 1686 467 1765 φρονῶν.
521 1686 597 1768 περί
625 1683 685 1768 γὰρ
719 1685 776 1767 τῆς
797 1688 978 1770 ἀρχομένης
1004 1684 1060 1749 καὶ
1092 1688 1272 1770 τιαυομένης

169 1779 332 1865 θελησεως
362 1780 484 1869 εἴρηται
509 1782 582 1868 ἡμῖν
605 1784 755 1870 ἀνωτέρω
783 1782 910 1869 βραχύ,
931 1785 987 1849 κατ’
1008 1786 1049 1849 ου’
1068 1790 1163 1869 χρειόι
1188 1788 1272 1862 διεξ-

170 1886 253 1947 ιέναι
286 1885 343 1947 νύν
364 1883 427 1947 ταῖν
447 1888 659 1967 προκειμένων
678 1887 791 1970 σοφούς
814 1883 1044 1950 α’νθελκύντων.
1079 1884 1125 1951 ἔτι
1153 1886 1184 1949 et’
1203 1886 1339 1953 ἔτι-60

128 1995 228 2067 τερον
250 1985 330 2047 θεοῦ
349 1983 404 2051 καί
433 1982 576 2067 ἀλλήλων
606 1985 717 2073 θεότης
747 1989 801 2049 καί
837 1984 971 2067 δύναμις
1002 1984 1058 2050 κατ’
1090 1987 1189 2072 σοφιά
1218 1989 1274 2053 κατ’
1315 2035 1319 2046 s

171 2080 301 2170 οἷγιύτης
334 2087 390 2149 καί
407 2083 589 2172 α’γαθύτης,
621 2086 676 2151 καί
701 2090 859 2173 ύιύφορον
885 2090 939 2153 αἐἰ
958 2090 1090 2155 ἕκαστον
1123 2086 1271 2172 ἑκάστου,
1334 2146 1341 2156 ,

171 2188 318 2271 ζητητέον
340 2190 407 2262 ταῖς
429 2180 468 2250 ύν
486 2184 535 2273 εἴη
554 2192 613 2253 τού
632 2192 711 2253 θεοῦ
732 2186 881 2272 ἕκαστον,
908 2193 939 2256 εἰ’
960 2188 1116 2277 διάφορον
1139 2188 1188 2275 εἴη
1212 2192 1273 2257 αύ-

170 2291 246 2349 τοῦ·
275 2284 332 2349 καί
347 2290 414 2361 παῖς
435 2289 469 2350 ἓν
489 2280 538 2353 ἔνι’
560 2288 614 2353 καὶ
637 2289 787 2374 ἀλληλοις
809 2282 930 2376 ἄλληλα
952 2291 1173 2379 συμφωνήσει,
1197 2292 1273 2356 διά-

170 2409 258 2471 φορα
294 2380 370 2453 ὅντα
406 2391 571 2474 αλλήλων·
631 2389 686 2456 καί
714 2392 844 2475 πότερον
884 2393 1038 2475 πρότερον
1069 2395 1197 2457 τούτοιν
1230 2386 1270 2457 ύν

124 2486 230 2573 νοεῖη,
267 2492 426 2566 evadentia
448 2486 531 2558 οὕτω
565 2498 832 2577 προερχομένων,
868 2491 944 2569 θεὸς
971 2488 1117 2568 οἴκτιστύς
1149 2516 1183 2558 τι
1217 2499 1273 2559 καί

163 2587 286 2672 ύραιύς
307 2591 389 2658 κατὰ
411 2595 466 2659 σέ·
511 2593 652 2659 καὶτοῦ
678 2590 713 2657 τύ
738 2597 792 2678 τῆς
817 2599 990 2670 αυλυθεΐας
1017 2591 1169 2679 σπη’σεται
1191 2621 1272 2661 ταυ-

168 2696 258 2776 τησί,
292 2691 374 2758 κατὰ
413 2696 567 2779 συζυγίαν
601 2693 721 2761 ούτωσί
760 2694 992 2782 προχωρούσης
1023 2695 1182 2797 αἐἰμετηὶ
1215 2699 1271 2762 τοῦ

170 2987 284 3028 censeas
302 2989 352 3026 nus
371 2974 482 3027 eredere
501 2983 546 3028 ant
572 2977 600 3027 in
619 2991 673 3028 non
692 2973 894 3030 substantialem
922 2975 1014 3027 autin
1034 2976 1206 3044 compositam
1225 2977 1268 3030 di.

169 3048 320 3100 vinitatem.
358 3047 514 3100 adversatur
534 3049 603 3099 enirn
620 3048 670 3098 tibi
691 3049 769 3098 etiam
788 3048 894 3098 divinus
911 3046 1037 3113 Uarillus,
1059 3049 1178 3116 ineptum
1198 3066 1268 3115 esse,

171 3119 275 3182 dicens,
296 3119 461 3170 contendere
480 3121 557 3171 deum
578 3119 677 3170 habere
696 3119 777 3170 talem
790 3119 972 3186 cognitionem
982 3119 1088 3186 qualem
1110 3122 1189 3171 etiarn
1207 3137 1268 3173 nos.

172 3191 270 3242 etenim
290 3191 313 3240 si
338 3197 387 3242 nes
407 3191 478 3242 aliud
502 3192 565 3259 quid
583 3206 688 3255 sumus,
714 3191 768 3242 alia
787 3198 874 3241 autem
900 3198 980 3257 atque
999 3189 1047 3241 ille
1066 3192 1184 3258 cognitio
1200 3208 1269 3260 quae

170 3263 323 3326 inanest,
353 3263 515 3328 compositus
536 3265 587 3314 erit
607 3277 696 3330 neque
723 3277 790 3314 veru
814 3260 937 3327 simplex.
984 3262 1035 3312 iam
1056 3261 1269 3329 quandoquidem

172 3332 300 3384 voluntas
319 3334 364 3384 dei
383 3334 485 3401 aliquid
507 3342 558 3398 est,
578 3336 647 3401 quod
671 3333 801 3386 habeatur
826 3341 853 3382 et
871 3334 1007 3384 diversum
1030 3333 1066 3383 ait
1085 3347 1118 3382 ex
1136 3341 1181 3384 tua
1202 3350 1268 3385 sen.

171 3404 256 3454 tentia
280 3405 313 3456 ab
345 3407 482 3476 amentia,
503 3414 580 3456 erunt
606 3407 688 3472 igitur
716 3413 770 3456 tres
792 3405 819 3454 in
842 3404 947 3457 Christo
967 3403 1136 3455 voluntates:
1155 3421 1208 3458 uua
1228 3413 1269 3456 est
1358 3399 1370 3417 ‘

170 3475 244 3526 filius
262 3473 336 3542 ipse,
362 3476 488 3528 voluntas
506 3477 629 3529 nimirum
648 3478 731 3544 patris
757 3477 902 3528 secundum
927 3483 1017 3542 patres
1036 3475 1154 3539 divinos,
1172 3477 1266 3539 altera,

170 3561 248 3613 quarn
268 3547 340 3599 filius
361 3548 442 3600 habet
457 3549 591 3612 'diversam
606 3565 628 3600 a
648 3565 678 3601 se
696 3548 840 3600 secundum
858 3555 895 3611 te,
914 3548 994 3598 tertia
1013 3554 1055 3598 est
1073 3546 1197 3600 voluntas
1215 3563 1267 3599 ua.

169 3626 246 3668 turae
265 3617 405 3684 humanae,
425 3621 452 3672 id
471 3621 541 3688 quod
560 3622 638 3672 etiam
657 3621 773 3686 ineptius
794 3628 835 3670 est
853 3620 991 3685 impietate
1010 3633 1112 3681 eornm,
1130 3620 1266 3686 quichri.

72 3686 76 3703 '
169 3688 211 3740 st6
231 3704 308 3740 unam
327 3699 429 3742 tanturn
450 3692 614 3743 voluntatem
632 3701 806 3757 naturamque
824 3691 953 3741 tribuunt.
1000 3705 1059 3740 enm
1077 3699 1164 3742 autem
1187 3692 1266 3742 etiam

169 3775 283 3828 magnus
301 3763 463 3816 Athanasius
482 3764 578 3829 impios
598 3772 690 3829 aperte
719 3768 799 3813 vocat
817 3776 874 3824 eos,
893 3761 939 3828 qui
959 3769 1060 3828 negent
1077 3760 1161 3812 filium
1180 3763 1265 3829 ipsunt

170 3846 231 3882 esse
242 3829 427 3899 'voluntatem
446 3836 542 3901 impius
560 3836 682 3901 proiecto
702 3835 780 3884 etiam
797 3833 942 3884 secundum
960 3831 1011 3883 hoe
1028 3841 1057 3882 tu
1079 3847 1138 3883 eum
1157 3833 1265 3885 illorum

169 3910 271 3968 partem
297 3907 434 3973 sequaris;
453 3909 486 3958 de
516 3907 663 3972 incipiente
692 3906 761 3956 enim
791 3911 819 3954 et
843 3904 983 3959 desinente
1009 3903 1147 3955 voluntate
1165 3905 1264 3956 dietum

168 3981 211 4024 est
227 3973 305 4028 nobis
324 3992 404 4044 supra
422 3978 551 4042 breviter,
571 3993 660 4045 neque
679 3991 745 4043 opus
766 3984 807 4028 est
820 3991 890 4026 nune
907 3976 1043 4042 persequi,
1063 3991 1122 4026 enm
1141 3977 1263 4043 upppsita

166 4044 242 4096 clare
261 4047 445 4102 adversentur.
493 4050 544 4100 ium
568 4063 634 4101 vero
653 4050 676 4100 si
695 4049 820 4099 diversae
838 4054 899 4098 aunt
918 4047 1002 4098 adeo
1022 4054 1050 4098 et
1069 4061 1129 4098 ase
1147 4048 1264 4101 invicem

165 4117 294 4170 divinitas
315 4128 341 4171 et
359 4121 401 4171 vis
422 4130 448 4173 et
466 4122 600 4188 sapientia
619 4127 646 4170 et
662 4119 788 4170 sanctitas
808 4118 971 4183 ettoniae,
992 4125 1020 4168 et
1037 4119 1173 4170 diversum
1191 4136 1263 4172 sem.

167 4203 217 4255 per
235 4192 359 4258 quodque
378 4208 393 4243 a
413 4207 529 4261 quoque,
550 4192 728 4260 quaerendum
755 4198 795 4242 est
814 4190 945 4258 quomodo
970 4190 1006 4241 sit
1024 4191 1149 4258 quodque
1167 4192 1220 4254 dei,
1239 4191 1264 4241 si

162 4260 200 4316 ab
219 4274 252 4312 eo
272 4263 406 4316 diversum
426 4266 476 4319 ait:
496 4273 524 4316 et
541 4263 673 4333 quomode
692 4279 773 4314 unum
792 4263 838 4312 uni
863 4270 890 4313 et
916 4262 1004 4312 emnia
1023 4262 1145 4314 omnibus
1162 4275 1263 4314 eonsu-

164 4341 312 4390 aeut*m
337 4339 408 4392 iuter
432 4337 677 4404 andnumanai,
707 4343 788 4408 atque
813 4349 877 4389 uum
900 4334 974 4404 prior
991 4335 1030 4390 eit
1047 4333 1104 4404 his,
1131 4349 1199 4405 quae
1224 4331 1262 4385 ita
