3184 5100
323 389 398 465 οοο
462 375 473 445 Ἀ
632 386 857 457 nrcasaonr
893 382 1126 453 enucoasn

329 548 404 621 οὔτε
426 553 487 641 γδρ
522 553 558 618 ιδ
592 554 711 619 τέλειον
731 546 803 641 oufes
831 547 866 616 ai
890 542 1023 636 ἄπειρον
1042 543 1113 615 οὔτε
1134 544 1170 615 τδ
1191 546 1438 633 αἰιερίγρσιτταν

328 658 361 727 ἐν
385 662 450 732 τοῖς
470 659 597 728 πολλοῖς
618 650 841 739 φνλάττεσθαι
863 651 1009 737 δύναται.
1036 684 1041 695 ’

260 774 314 829 81
421 750 515 843 Ὁρᾷς
538 758 616 836 πῶς,
641 749 722 819 ὅσον
746 756 903 837 διαφορᾶς
925 752 942 817 δ
966 755 1057 835 λόγος
1078 750 1200 819 ἔννοιαν
1222 752 1434 836 παρεισάγει,

326 854 433 923 ἔσεται
453 860 515 937 ,μὲν
536 855 636 933 edeta
665 853 701 920 τὸ
723 857 846 937 πλῆθος
856 906 873 939 ‚.
898 852 1061 919 ἐλαύνεται
1090 858 1126 919 δὲ
1145 852 1181 918 το
1213 850 1248 917 ἓν
1266 850 1346 933 μετὰ
1371 852 1436 916 τοῦ

327 958 449 1027 τελείαν
472 961 528 1021 καί
550 957 683 1041 αἰιείροο
705 960 760 1019 καί
780 951 1018 1039 αἰιτριγροὶστοο
1032 955 1086 1019 καί
1108 951 1235 1038 δσατῆς
1257 956 1348 1027 θείας
1371 951 1463 1015 ost-⁵
1510 993 1511 1004 τ

263 1099 272 1110 -
327 1060 399 1132 σίας
421 1057 500 1135 ἴδια,
522 1060 642 1139 μᾶλλον
665 1059 694 1120 δ’
713 1049 771 1121 don
792 1059 916 1142 πέφυκέ
938 1080 972 1119 τε
994 1059 1050 1121 κατ’
1070 1052 1156 1121 ἔστιν
1177 1051 1195 1139 ἢ
1216 1060 1292 1119 θεῖα
1314 1054 1435 1132 odolo,-

327 1153 410 1223 ὅσθ’
435 1150 517 1221 ὅσον
542 1156 577 1224 τὸ
602 1162 719 1240 κυρίως
741 1154 784 1237 ἓν,
806 1154 822 1219 ὁ
847 1155 922 1232 θεὸς
943 1156 1077 1240 δηλαδή,
1099 1154 1193 1239 χώρα
1212 1163 1279 1229 τοῖς
1299 1159 1438 1227 πολλοῖς

330 1262 385 1323 καί
407 1257 578 1343 διαφόροις
600 1260 658 1321 οοίι
676 1254 760 1323 ἔστιν
777 1256 847 1321 οὐδ’
869 1256 1009 1340 ἦτιοοιῖν.
1053 1259 1093 1321 ον’
1109 1256 1172 1340 γοὶρ
1188 1259 1279 1321 θέσιν
1298 1250 1369 1319 τινὰ
1394 1248 1436 1316 τό

332 1363 420 1423 θείαν
442 1360 540 1423 ἐκεῖνο
564 1360 597 1423 ἓν
617 1360 717 1443 δηλοῖ,
741 1355 885 1440 καθάπερ
907 1361 940 1421 τὸ
963 1360 996 1421 δν
1009 1365 1073 1433 τοῖς
1094 1364 1243 1438 κτίσμασι
1265 1377 1437 1435 καταχρη-

331 1462 448 1533 στικῶς
475 1454 639 1541 λεγόμενον
661 1456 718 1521 καί
735 1462 768 1523 ἐν
782 1467 849 1534 τοῖς
868 1464 994 1533 πολλοῖς
1008 1455 1231 1541 θεωρούμενον
1252 1458 1295 1521 ἓν.
1339 1452 1357 1517 δ
1378 1453 1439 1517 καί
1450 1460 1482 1515 10

332 1558 439 1643 οἰρχὴν
463 1554 550 1625 ιίναί
571 1584 651 1646 φασι
679 1560 799 1635 παντὸς
819 1562 940 1640 ποσοῦ,
956 1558 1011 1623 κατ’
1028 1558 1110 1643 πλὴν
1132 1559 1247 1623 ον’σίαν
1269 1556 1331 1638 οὐχ
1352 1554 1436 1641 tipi-
1473 1564 1479 1573 ’

334 1665 476 1727 στασθοιι
497 1663 572 1725 καθ’
594 1659 685 1745 αὑτό,
705 1665 761 1738 καί
780 1654 859 1726 ἄνευ
872 1665 929 1727 τοῦ
949 1654 1019 1737 ἑνὸς
1038 1656 1153 1726 τούτου
1175 1655 1221 1740 μὴ
1244 1652 1328 1723 εἶναι
1350 1660 1438 1739 πλῆ-

332 1751 401 1838 θος.
442 1760 460 1847 ἦ
484 1760 544 1845 γὰρ
567 1756 747 1847 μετάληψις
776 1765 835 1827 τοῦ
863 1754 934 1838 ἓνδς
954 1761 1010 1831 ταί
1030 1758 1066 1827 τὸ
1086 1754 1170 1835 εἶδος
1192 1761 1293 1825 edred
1314 1756 1351 1823 τὸ
1369 1762 1439 1821 τῶν

334 1864 457 1929 πολλῶν
492 1862 643 1951 ὑφίστησι
673 1862 780 1929 ποσόν.
835 1860 913 1927 ὅθεν
933 1862 989 1926 καί
1017 1861 1111 1938 δεινὰς
1137 1864 1198 1942 μία
1219 1865 1340 1943 λέγεται
1348 1908 1358 1939 ,
1382 1857 1440 1921 καί

333 1960 439 2047 γιλιδς
470 1967 525 2029 καί
547 1963 668 2047 μυριὰς
698 1966 753 2029 καί
761 1950 817 2029 1τοὶ
840 1961 886 2029 ἔτι
916 1960 1037 2029 τούτων
1058 1960 1245 2043 λεπτότερα,
1267 1958 1381 2043 τετράς
1402 1982 1439 2023 τε
1450 1975 1482 2029 15

333 2071 393 2145 μία
416 2067 471 2129 καί
492 2062 606 2141 neeric
637 2067 691 2129 καί
710 2063 748 2131 τὰ
775 2069 926 2145 τοιαῦτα,
949 2070 1005 2129 καί
1033 2060 1096 2129 δσα
1114 2068 1153 2149 τῇ
1172 2066 1229 2127 rori
1249 2061 1356 2136 εἴδους
1377 2084 1440 2142 με-

336 2168 416 2253 τοχῇ
439 2168 695 2244 ταοτίζονταίτι
716 2165 872 2251 καὶπρὸς
900 2164 936 2231 τὸ
968 2166 1002 2231 ἓν
1031 2165 1254 2249 ἀναφέρονται.
1297 2162 1354 2227 καί
1373 2160 1438 2246 γδρ

323 2261 374 2328 -τδ
397 2267 497 2331 πολλοὶ
522 2274 588 2341 τοῖς
609 2270 741 2352 μέρεσιν
761 2267 794 2331 ἓν
812 2272 855 2355 τρῖ
875 2260 949 2355 ὅλρι,
971 2270 1024 2330 καί
1046 2263 1082 2329 τὸ
1106 2263 1207 2332 πολλοὶ
1222 2273 1294 2339 ’τοῖς
1313 2268 1441 2346 συμβε-

337 2366 470 2449 βηκόσιν
491 2368 524 2431 ἓν
546 2369 597 2455 rqi‘
610 2366 827 2456 ὑποκειμένῳ,
849 2372 905 2432 καί
932 2367 967 2432 ιδ
989 2369 1090 2431 πολλὰ
1113 2376 1178 2440 τοῖς
1204 2367 1322 2431 εἴδεσιν
1342 2368 1377 2430 ἓν
1397 2368 1442 2452 τῷ

208 2471 430 2560 γ,174ρ,γίνει,
454 2462 509 2531 καί
528 2466 563 2533 ιδ
588 2468 688 2533 πολλοὶ
712 2478 781 2545 ταῖς
803 2470 1003 2553 προρδοιςὲν
1031 2471 1070 2556 τῇ
1091 2468 1189 2556 οἷρχῇ.
1233 2470 1288 2530 καί
1315 2468 1357 2529 ον’
1375 2465 1480 2548 μα’-20

339 2591 392 2632 νον
413 2571 468 2634 εὀί
480 2575 543 2634 ταῖν
568 2573 795 2655 διωρισμένων,
812 2570 892 2636 α’λλδ
914 2577 969 2636 καί
988 2573 1025 2636 ui
1048 2575 1169 2654 συνεχῆ
1185 2568 1286 2635 πάντα
1307 2575 1440 2655 μεγέθη,

267 2717 270 2746 ,
338 2669 370 2734 εἰ
389 2667 499 2755 φεύγει
521 2667 556 2736 εδ
584 2671 637 2752 ἓν,
670 2672 716 2748 εἰς
744 2676 865 2756 πλῆθος
893 2667 973 2736 ιιαταΙ
998 2669 1267 2754 inanissimam
1295 2670 1442 2755 δραττό-

339 2789 430 2852 μενα,
451 2772 506 2834 καί
526 2767 581 2856 τὴν
604 2773 715 2836 ariolos
738 2764 777 2855 ἢν
801 2766 886 2855 εἶχεν
908 2770 1105 2854 αἰιδλλνσιν,
1126 2764 1234 2836 ονίιίιι
1252 2761 1330 2836 ὄντα
1351 2763 1370 2832 δ
1392 2762 1440 2853 ἤν.

342 3075 509 3130 varietatem.
552 3059 604 3128 u‘eo
629 3078 699 3130 enim
721 3063 873 3158 perlectum
897 3092 948 3130 neo
977 3077 1134 3131 immensum
1159 3092 1212 3130 nec
1229 3075 1395 3148 indefinitum
1413 3075 1442 3128 in

341 3146 432 3202 maltis
451 3148 554 3202 servari
573 3156 672 3216 potest.

443 3243 568 3312 Videsne,
588 3247 730 3314 quomodo,
752 3246 798 3298 nbi
817 3263 897 3300 cansa
918 3248 1057 3300 varietatis
1081 3248 1219 3299 notionem
1236 3246 1328 3312 inlert,
1347 3245 1442 3314 sequi-

244 3353 248 3362 ,
343 3325 387 3368 tnr
407 3318 494 3369 statim
512 3315 669 3382 multitudo,
701 3318 852 3386 depellatur
880 3336 960 3371 unum
987 3336 1046 3370 curn
1073 3318 1195 3372 absoluto
1223 3326 1250 3370 et
1268 3320 1394 3370 immenso
1414 3323 1443 3367 et

343 3389 448 3440 inlinito
468 3397 494 3440 et
513 3404 581 3457 quae
602 3389 710 3441 divinae
730 3391 864 3442 essentiae
882 3393 991 3458 propria
1015 3399 1076 3442 sunt
1097 3398 1142 3442 ant
1158 3389 1362 3458 potiusquibus
1380 3395 1443 3439 nata

244 3505 247 3511 .
346 3468 386 3512 est
405 3467 433 3512 et
453 3468 493 3512 est
512 3461 603 3512 divina
622 3460 760 3512 essentia?
796 3463 888 3530 itaque
902 3462 947 3513 nbi
970 3471 1011 3514 est
1028 3463 1137 3529 proprie
1151 3478 1235 3513 uuum
1253 3461 1361 3514 scilicet
1377 3459 1442 3510 dens

344 3529 421 3583 locus
443 3532 533 3584 multis
560 3540 586 3583 et
612 3533 726 3584 diversis
758 3531 849 3584 nullus
869 3541 917 3585 est.
964 3549 1018 3585 non
1044 3535 1114 3585 enim
1133 3534 1294 3600 positionem
1315 3531 1444 3601 quandam

345 3601 463 3654 divinam
482 3602 549 3656 itlu‘d
577 3619 655 3654 uuum
675 3603 810 3669 involvit,
839 3605 1056 3672 quemadmodum
1081 3607 1109 3657 iu
1138 3601 1316 3656 creatis'non
1336 3602 1444 3670 proprie

345 3675 442 3726 dicitur
470 3681 510 3726 et'
526 3677 554 3727 in
583 3675 672 3728 multis
701 3677 820 3728 cernitur
847 3692 944 3741 nuum,
975 3677 1045 3744 quod
1079 3677 1239 3744 principium
1267 3691 1327 3727 esse
1354 3673 1445 3726 dicunt

320 3745 431 3796 ‘omnia
467 3748 641 3814 quantitatis,
674 3763 726 3798 neo
759 3749 819 3798 siue
857 3749 973 3800 essentia
1002 3750 1119 3800 existere
1150 3764 1198 3814 per
1226 3764 1276 3811 se,
1309 3761 1361 3797 nec
1385 3745 1444 3796 siue

346 3816 470 3867 hoeuno
491 3831 550 3870 esse
571 3817 775 3870 multitudinem.
824 3820 903 3870 nnius
928 3823 998 3871 enim
1018 3820 1210 3886 consequentia
1229 3827 1256 3870 et
1275 3818 1359 3869 forma
1378 3815 1443 3869 sub-

345 3887 405 3937 iicit
432 3887 571 3940 multarum
601 3905 689 3941 rernm
716 3891 904 3958 quantitatem,
935 3892 1005 3943 unde
1035 3907 1087 3943 uua
1112 3891 1192 3942 decas
1211 3891 1308 3942 dieitur
1337 3896 1364 3940 et
1391 3889 1443 3938 mi-

347 3955 398 4009 lias
424 3965 451 4008 et
479 3958 569 4010 decies
594 3961 680 4012 milies
704 3969 731 4012 et
755 3978 824 4030 quae
843 3962 884 4013 his
909 3968 970 4014 sont
988 3963 1108 4027 leviora,
1136 3979 1188 4016 nna
1207 3962 1362 4030 quaternio,
1382 3959 1443 4027 qui-

347 4029 394 4080 nio
418 4028 515 4081 similia
542 4046 610 4100 quae
643 4033 675 4084 ad
700 4031 801 4084 lormae
829 4034 1061 4102 participationem
1087 4035 1178 4086 eadem
1202 4033 1335 4084 habentur
1361 4039 1388 4082 et
1412 4029 1444 4081 ad

347 4115 428 4150 unum
463 4101 624 4154 referuntur.
672 4103 754 4156 multa
786 4107 855 4157 enim
886 4106 1025 4172 partibus,
1050 4122 1131 4156 uunrn
1156 4106 1336 4172 integritate,
1363 4101 1445 4153 multa
1510 4108 1511 4165 l

349 4171 574 4238 circumstantiis,
597 4189 676 4225 unum
701 4175 840 4242 subiecto,
865 4176 947 4228 multa
974 4177 1083 4241 formis,
1111 4194 1191 4229 uuum
1218 4192 1339 4244 genere,
1362 4172 1446 4226 multa

350 4250 465 4308 eventu,
490 4258 571 4296 annm
602 4246 736 4314 principio
767 4255 793 4298 et
821 4249 974 4300 non'modo
993 4250 1021 4299 in
1039 4251 1186 4315 separatis,
1213 4247 1261 4299 sed
1279 4243 1444 4299 etiam'cuu.
1510 4256 1511 4271 ¹

348 4321 408 4371 atae
440 4315 652 4386 magnitudines,
683 4316 706 4370 si
736 4317 843 4388 lugiunt
869 4334 970 4386 uuum,
998 4321 1031 4371 ad
1061 4320 1256 4372 multitudinem
1286 4333 1444 4389 compensa.
