3184 5100
278 429 509 502 nrsroann.
527 429 784 500 οττεατιαιε
808 425 948 498 xxrrn.
966 411 1151 496 tt-tt.
1213 418 1284 496 ret

181 593 286 662 ἀπασι
305 593 437 678 γένοιτο,
458 599 511 660 κατ’
532 598 620 679 δι’κην
642 594 677 659 τό
698 592 875 658 ἀκόλαστον
898 597 996 658 έκεῖνο
1019 595 1075 657 κατ’
1095 590 1285 677 βλάσφημον

188 698 292 780 στόμα
312 695 393 780 μετά
415 698 468 781 τῆς
496 696 681 780 γραφούσης
702 692 863 778 παράσχοι
889 692 999 776 χειρός
1026 696 1187 772 ἐνταυθοῖ,
1211 695 1285 774 πρὶν

183 796 217 874 ἒς
239 797 295 882 τήν
327 799 430 876 ἀΐδιον
453 801 570 881 ἐκείνην
604 797 819 880 ἀπενεχθῆναι
852 794 1005 876 κόλασιν,
1031 797 1086 858 καί
1116 793 1197 877 δήλα
1225 791 1286 856 κάκ
1382 793 1387 801 ’

183 903 248 968 τεόν
269 902 395 965 ἐνθένδε
424 902 600 982 προοιμίων
637 897 674 962 τά
697 901 760 962 τοῖν
789 897 885 980 μήπω
913 896 1021 978 ,δήλων
1050 889 1151 960 άπασι
1182 896 1286 960 κακῶν

158 1005 303 1087 5δφόδεα
323 1000 403 1084 πρός
426 999 577 1085 δημόσιον
608 1003 676 1084 φάς
700 1001 841 1084 καταστῇ
859 1000 903 1084 τῷ
935 995 1059 1086 βεβήλῳ
1081 994 1180 1085 τοότιρ
1200 998 1286 1075 μᾶλ-

185 1109 239 1168 λον
262 1096 282 1185 ή
305 1101 370 1166 κατ’
393 1099 585 1164 ἐκεῖνοντὸν
604 1103 658 1182 τῆς
679 1103 795 1218 μανιάς
816 1095 981 1178 έπάνυμον
994 1090 1145 1214 Ἄρειον,
1167 1093 1202 1169 ὃς
1223 1095 1286 1157 τάν

183 1207 240 1286 τῆς
258 1198 396 1284 γαστρός
425 1200 616 1284 ἀπορρήτων
650 1198 707 1282 τήν
738 1202 870 1264 κένωσιν
902 1195 987 1262 κάτω
1009 1194 1061 1262 διά
1092 1198 1149 1314 τής
1189 1192 1286 1276 ἕδρας

184 1308 402 1386 παρέπεμψεν.
425 1303 541 1374 ἐκεῖνος
561 1298 620 1381 γάρ
639 1297 716 1363 κατά
743 1298 841 1382 φύσιν
865 1297 1052 1381 ήμαρτηκάς
1078 1320 1130 1360 και
1125 1291 1205 1360 διά
1224 1296 1351 1357 roien

183 1402 265 1468 κατά
280 1399 379 1487 φάσιν
390 1403 511 1482 μοριων
525 1400 715 1466 ἐνταῦθα
680 1426 737 1484 την
750 1397 873 1482 δικην”
852 1422 966 1478 ετισεν,
978 1390 1071 1471 οὗτος
1084 1399 1114 1462 δ’
1129 1391 1285 1474 όπερόρια

141 1501 287 1588 τοπάσης
303 1499 430 1588 φόσεάς
446 1526 479 1565 τε
496 1527 547 1566 και
561 1499 734 1622 ἐπιστήμης
750 1505 793 1576 εἰς
807 1499 884 1565 θεὸν
898 1496 1175 1584 βεβλασφημηκώς
1192 1519 1286 1577 τερα-

182 1603 270 1689 πάδη
293 1601 363 1668 τινά
388 1628 440 1668 και
464 1601 549 1686 παρά
574 1599 674 1687 φάσιν
697 1629 739 1677 ως
765 1602 800 1668 τό
823 1600 908 1676 εἰκός
937 1627 990 1665 και
986 1603 1212 1718 μακροτέραν
1233 1596 1284 1660 δι’·
1293 1602 1407 1658 ctocv.

129 1711 131 1718 '
184 1708 265 1770 δωαι
287 1703 345 1787 τήν
369 1703 467 1788 δι’κηυ.
520 1699 693 1787 ἀφειμένον
726 1708 785 1827 μὲγ
807 1703 866 1786 γάρ
889 1704 1030 1776 κάκεῖνος
1061 1700 1117 1767 τόν
1140 1697 1212 1766 οἶόν
1232 1722 1285 1762 και

184 1800 276 1887 λόγον
298 1801 396 1872 εἰποόν
418 1805 475 1868 τοῦ
496 1808 575 1867 θεοῦ
596 1807 651 1867 καί
671 1829 730 1868 των
753 1803 932 1883 ἀσωμάτων
953 1782 1091 1920 ἀγγέλων
1112 1795 1288 1881 ὑπέρτερον

165 1929 216 1972 τε
242 1910 296 1970 κατ’
326 1905 537 1990 δημιουργόν,
564 1913 755 1986 σωματικοῖς
786 1900 869 1984 ὅμως
895 1900 1012 1986 ἀραιόν
1042 1904 1225 1986 ὀφθαλμοῖς
1246 1883 1286 1962 ου’

142 2006 352 2092 15δεδόνητοι
375 2004 489 2090 φάναι.
533 2003 587 2071 τόν
607 2004 667 2088 γάρ
692 2005 772 2087 duic
795 2003 870 2078 τούς
893 2006 1044 2087 ἀγγέλους
1065 2005 1120 2067 κατ’
1142 2004 1206 2064 τῶν
1228 1999 1289 2081 ἀγ-

183 2111 283 2191 γέλων
304 2111 508 2190 προαγωγέα,
543 2109 604 2172 τῶν
633 2102 773 2190 ἀγγέλων
803 2108 858 2170 κατ’
877 2109 937 2175 τοῖν
965 2108 1082 2186 ψυχῶν
1101 2103 1136 2168 τό
1160 2101 1288 2175 ἔλαττον

183 2207 271 2291 ἔχειν
294 2210 351 2272 οάν
374 2204 441 2290 εἶχε
463 2217 565 2274 νοεῖν·
610 2209 707 2294 φάσιν
726 2204 785 2291 γάρ
803 2204 886 2274 εἶναι
910 2214 974 2282 τοῖς
1000 2205 1184 2286 ἀσωμάτοις
1203 2196 1289 2268 άπα-

129 2301 134 2306 ,
185 2333 237 2376 σιν
258 2302 342 2373 οἶδεν
364 2304 474 2392 ήκιστα
498 2307 623 2374 πάντων
640 2309 833 2390 σωματικοῖς
854 2310 1036 2394 ὀφθαλμοῖς
1061 2306 1186 2390 όρατήν,
1207 2302 1288 2387 πλήν

188 2411 219 2476 εἰ
240 2405 285 2492 μή
312 2413 580 2495 συγκαταβάαεως
602 2411 762 2499 οἰκονομίᾳ
784 2412 947 2491 χρώμενος
971 2405 1148 2494 διαφόρους
1169 2410 1289 2492 ε’πιφα-

141 2516 272 2592 γρνειάς
293 2512 483 2595 σχηματίζει
504 2510 580 2587 θεός
604 2513 681 2577 κατά
702 2535 737 2594 γε
763 2510 837 2587 τοός
864 2515 919 2595 τής
941 2507 1118 2594 ἀπορρήτου
1140 2512 1288 2591 προνοίας
1373 2586 1375 2593 y

184 2610 334 2693 τρόπους,
359 2612 402 2687 σός
428 2612 461 2675 οῗ
479 2636 511 2677 τε
533 2616 616 2676 θεῖοι
632 2617 688 2695 τής
709 2612 1020 2702 ἒκκλησελνςπατέρες
1043 2605 1107 2675 άνω
1129 2613 1185 2674 κατ’
1204 2609 1288 2673 κάτω

186 2708 362 2797 διαρρήδην
385 2717 498 2795 βοοῑσι,
522 2714 577 2777 κατ’
592 2714 682 2797 ήμεῖς
705 2716 854 2795 ἀνωτέρω
875 2717 1018 2799 πολλαχῇ
1037 2736 1071 2778 τε
1093 2711 1147 2776 καὶ
1169 2710 1289 2774 πολλά-

186 2836 236 2887 κις
253 2814 401 2889 teneriore
422 2810 570 2894 ἑπόμενοι
596 2816 813 2897 διεξήλθομεν.
838 2806 933 2891 οὗτος
953 2816 989 2878 δὲ
1010 2812 1092 2894 μετά
1116 2806 1355 2895 recisiore-15

187 3140 279 3203 potest
300 3132 413 3187 foeditas
443 3142 472 3186 ut
499 3136 578 3187 dccet
603 3135 739 3203 propalam
767 3137 794 3187 in
814 3131 987 3202 conspectum
1005 3135 1121 3185 omnium
1137 3134 1244 3186 veniret
1263 3141 1290 3185 et

186 3213 299 3273 propter
318 3205 506 3288 impudentiam
525 3209 579 3259 oris
598 3223 702 3273 poenae
717 3223 799 3259 onera
819 3224 866 3258 sua
886 3207 994 3258 cervice
1008 3206 1154 3260 sustineret
1172 3206 1199 3256 in
1218 3214 1290 3257 terra

188 3286 330 3344 antequam
352 3278 379 3328 in
397 3286 533 3330 aeternam
551 3279 625 3330 illam
647 3295 759 3345 poenam
782 3280 932 3331 traderetur
957 3286 984 3329 et
1000 3285 1029 3329 ut
1048 3278 1110 3329 inde
1130 3285 1254 3343 tanquam
1275 3292 1289 3327 e

186 3348 328 3423 principiis
342 3364 373 3398 ea
386 3364 454 3416 quae
466 3338 597 3416 patefacta
609 3352 723 3403 nondum
739 3351 861 3402 omnibus
875 3350 1052 3401 calamitatum
1065 3347 1218 3415 spectacula
1228 3356 1290 3399 ante

187 3419 283 3471 oculos
302 3418 392 3471 essent
410 3420 472 3471 huic
484 3422 583 3473 homini
603 3424 686 3489 magis
705 3424 852 3490 proposita,
866 3438 963 3506 ..qnam
960 3421 1024 3473 Arei
1043 3420 1117 3471 iliius
1130 3420 1193 3472 ab'
1186 3419 1290 3469 insania

185 3491 316 3543 nominati
332 3492 377 3557 qui
392 3490 481 3543 alvum
495 3510 543 3559 per
558 3509 635 3545 anum
651 3495 741 3545 eiecit.
761 3494 810 3545 ilie
830 3495 899 3545 enim
920 3494 965 3561 qui
986 3508 1100 3559 corpore
1121 3497 1289 3558 peccaverat,

188 3562 268 3615 etiam
288 3564 407 3628 corporis
427 3564 555 3615 membris
570 3550 681 3630 poerianr
700 3565 781 3617 dedit.
826 3565 869 3615 hic
888 3580 954 3615 vero
975 3580 1053 3631 quum
1072 3579 1153 3629 snpra
1170 3570 1289 3613 naturam

190 3641 217 3685 ct
237 3634 368 3685 rationem
389 3635 469 3700 impia
488 3637 515 3687 in
536 3636 612 3689 deum
631 3636 736 3687 scelera
755 3637 893 3698 edidisset,
919 3636 1066 3686 mirabilem
1083 3642 1113 3695 ut
1132 3633 1244 3684 decebat
1264 3639 1291 3683 et

187 3705 328 3757 maximam
348 3719 459 3770 poenam
479 3707 560 3757 dedit.
598 3708 702 3759 dixerat
730 3709 801 3759 enim
819 3708 863 3758 dei
884 3706 968 3757 fllium
994 3706 1060 3757 licet
1078 3705 1190 3756 verbnm
1212 3705 1247 3754 sit
1265 3710 1292 3755 et

187 3777 358 3841 incorporeis
377 3776 482 3843 angelis
504 3780 691 3844 praestantior,
717 3787 805 3831 tamen
826 3779 928 3845 percipi
948 3777 1034 3828 oculis
1053 3792 1108 3827 non
1126 3792 1216 3844 posse
1254 3774 1292 3827 il-

188 3848 244 3899 lum
266 3848 335 3897 enim
355 3848 399 3915 qui
419 3864 498 3915 snpra
518 3849 630 3917 angelos
651 3850 801 3903 collocatus
824 3858 895 3901 esset
920 3858 947 3901 et
965 3848 1121 3916 angelornm
1143 3849 1205 3911 dux,
1227 3863 1293 3915 par-

187 3916 299 3969 ticulam
318 3919 446 3985 quandam
466 3920 650 4004 angelorum
643 3923 727 3973 anima
748 3923 905 3973 inferiorum
928 3921 1027 3971 habere
1047 3934 1101 3971 non
1120 3928 1226 3986 poterat
1243 3935 1293 3970 co-

188 3990 285 4057 gitare.
322 3996 440 4041 naturam
461 4007 521 4043 esse
541 3993 573 4042 iis
593 3993 714 4045 omnibns
734 4010 802 4061 qnae
829 4007 942 4059 corpora
959 4008 1013 4043 non
1034 3991 1162 4043 haherent
1181 3992 1292 4053 sciebat,

189 4068 217 4111 at
239 4060 347 4111 minime
369 4063 483 4113 omnium
505 4064 592 4115 oculis
618 4080 697 4129 posse
718 4064 927 4131 comprehendi,
948 4065 1000 4115 nisi
1020 4064 1227 4114 descendentiae
1245 4078 1293 4114 or-

189 4132 252 4183 dine
271 4146 334 4183 usus
360 4134 447 4183 varias
481 4134 578 4187 formas
606 4136 771 4187 distinxisset
796 4137 861 4187 deus
890 4136 949 4186 ad
943 4150 1086 4185 immensae
1106 4134 1293 4200 providentiae

188 4202 299 4265 modos,
325 4210 354 4252 ut
383 4204 468 4255 divini
494 4206 627 4259 eeclesiae
654 4216 743 4272 patres
771 4208 816 4259 hic
844 4207 902 4258 iilic
921 4206 1046 4258 distincte
1065 4205 1180 4257 clamant
1199 4214 1226 4256 et
1244 4218 1293 4255 nos

190 4286 297 4341 quoqne
317 4273 428 4324 muitum
447 4292 479 4325 ac
498 4279 604 4345 saepius
630 4280 716 4330 secuti
743 4278 806 4329 illos
825 4277 908 4329 locuti
936 4293 1036 4329 sumus.
1074 4277 1118 4327 hic
1141 4290 1206 4328 vero
1227 4276 1295 4325 dixit

184 4351 297 4411 praeter
324 4344 484 4437 substratum
508 4350 566 4401 sine
585 4364 699 4416 corpore
725 4357 752 4401 et
777 4350 920 4412 existentia
946 4363 1006 4413 esse
1029 4350 1137 4426 iucem,
1154 4345 1293 4413 corporeis
