3184 5100
346 434 420 512 20*
654 441 879 510 urcursoar
910 439 1140 508 eaueoulu

344 610 462 671 ἐκεῖνον
485 601 539 669 τδν
559 606 675 688 μέγαν,
708 605 753 678 εἰς
777 605 951 683 ἐπιθυμίαν
983 605 1017 666 έκ
1036 603 1135 686 μόνης
1155 603 1210 685 τῆς
1229 601 1309 674 θέας
1330 599 1453 683 statv-
1513 624 1514 673 ι

343 705 445 787 δότα,
472 700 662 769 λούσασθαι.

306 839 332 890 2
442 807 570 880 Ἐκεῖνον
590 808 618 870 δ’
640 804 687 871 ἔτι
709 811 764 870 καί
784 810 882 870 πλείω
913 809 1043 869 τοιαῦτα
1064 806 1222 888 συνείρειν
1250 800 1451 885 βουλόμενον

343 907 439 992 ἔγωγε
460 906 612 988 ἐπισχών,
635 906 690 971 καί
707 905 740 972 τὸ
766 909 820 987 τῆς
844 904 1017 988 διηγήσεως
1036 902 1138 987 τεμοέν
1159 908 1300 986 συνεχές,
1321 904 1449 966 α’ναλα.
1513 896 1514 935 ³

296 1015 309 1070 ,’
341 1014 409 1092 βεῖν
431 1008 487 1072 τόν
506 1005 596 1090 λόγον
623 1009 764 1072 ἐκέλευον
787 995 884 1080 αὖθίς
907 1007 962 1068 καί
983 1005 1254 1093 α’νερωτοῖντίμρι
1276 1005 1476 1085 α’ποιιρίνε-5
1513 1058 1514 1063 ,

306 1141 312 1153 ·
343 1113 422 1174 σθαι
451 1109 658 1191 πατριαρχῶν
684 1129 719 1170 τε
741 1108 812 1185 πέρι
844 1106 898 1168 καί
928 1104 1127 1190 ἐπισκόπων,
1152 1100 1221 1170 ὅσοι
1245 1107 1365 1168 διέπειν
1392 1103 1451 1164 καί

344 1211 474 1273 διοικεῖν
505 1203 559 1282 τοὶς
580 1211 737 1289 ἐπαρχίας
765 1206 886 1280 ἐκείνας
907 1201 961 1268 τδν
992 1193 1161 1288 ἱερώτερον
1183 1201 1299 1286 ἔλαχον
1319 1200 1450 1285 τρόπον.
1513 1234 1514 1283 7

344 1310 399 1376 καί
419 1307 610 1394 ἐμεμφόμην
638 1309 783 1381 ἐπιεικῶς
814 1308 871 1389 τῆς
900 1303 1002 1389 λη’θης
1026 1304 1080 1370 τὸν
1101 1300 1226 1388 ἄνδρα,
1246 1298 1382 1383 δτι-των
1401 1299 1450 1384 μὴ
1513 1330 1514 1393 j

343 1409 428 1478 πάνυ
449 1436 481 1474 τι
519 1411 699 1490 ιίναγκαίων
717 1403 831 1498 ,ἔμοιγ’
862 1407 989 1471 α’κσδειν
1011 1409 1043 1472 ἐν
1070 1405 1219 1493 φροντίδι
1239 1403 1452 1490 ποιησόμενος
1513 1402 1514 1463 l

343 1517 380 1599 τῇ
404 1509 536 1597 μεγίστη
560 1509 719 1590 διεξιέναι,
739 1499 782 1572 ὧν
805 1505 879 1590 ἡμῖν
899 1505 932 1583 ές
953 1506 992 1571 τὰ
1014 1507 1147 1588 μάλισθ’
1170 1503 1295 1590 δπῆρχε
1314 1503 1452 1586 μανθά-
1461 1513 1495 1566 10

344 1637 410 1678 νειν
433 1611 570 1693 α’νδγιιη,
592 1612 646 1672 καί
673 1600 719 1673 ὧν
740 1611 906 1689 ου’σεβείας
925 1610 1014 1673 ἕνεκα
1037 1605 1173 1691 ἑσπέρας
1201 1610 1256 1671 καί
1287 1607 1376 1689 πρωῒ
1393 1606 1451 1667 καί

343 1708 544 1796 μεσημβρίας
560 1709 688 1774 α’κοδειν
702 1703 793 1794 ἥδιον
809 1708 914 1788 ἔδοξεν
931 1704 971 1773 σἰν
981 1732 1037 1789 μοι
1057 1705 1078 1791 ἢ
1092 1711 1235 1792 Κροίσου
1257 1711 1315 1772 τοῦ
1330 1707 1451 1771 Λυδοῦ

342 1817 474 1898 χρυσοῖν
494 1834 549 1892 μοι
565 1817 708 1894 χοίνικας
730 1814 963 1893 παρεχομένου,
986 1808 1108 1874 κου’των
1125 1812 1153 1872 δ’
1173 1805 1269 1883 ου’τδς
1291 1804 1348 1888 τη“ν
1361 1799 1452 1888 μνη’-

343 1937 407 1996 μην
428 1911 527 1997 λη’θης
548 1919 682 1996 μακροῖς
703 1914 864 1992 πυθμέσιν
885 1913 1063 1995 ἐκάλυψεν,
1086 1904 1191 1991 ὥσπερ
1217 1901 1255 1973 δν
1270 1908 1300 1971 εί
1317 1904 1362 1990 μη
1386 1908 1451 1969 ου’-

343 2011 397 2090 τὸς
419 2007 457 2098 ἦν
479 2012 496 2075 δ
514 2017 667 2096 προοίμια
689 2015 752 2076 ταῖν
774 2014 935 2097 σφετέρων
948 2008 1121 2095 πεπραχώς
1142 2007 1315 2095 διηγήσεων
1336 2005 1375 2073 τοὶ
1392 2011 1452 2091 τῆς
1463 2015 1495 2066 15

344 2117 509 2197 έκκλησίας
534 2113 690 2196 ναυάγια,
716 2106 765 2176 δτι
786 2114 847 2176 τοῖν
878 2113 1019 2196 πατρίων
1042 2113 1184 2190 νομίμων
1207 2112 1264 2193 τῆς
1283 2111 1453 2191 ου’σεβείας

225 2237 295 2298 ηρφ
306 2235 333 2294 b,
344 2213 537 2296 ἐπίπροσθεν
556 2211 595 2276 τοὶ
611 2215 667 2277 τοῦ
684 2215 832 2291 Παλαμᾶ
852 2212 943 2277 καινά
959 2237 992 2275 ra
1013 2215 1068 2275 καί
1077 2215 1103 2251 ”
1114 2209 1256 2291 έκδεσμα
1276 2213 1454 2293 παρεισρέ-

346 2327 420 2381 οντα
434 2312 606 2398 πεφωρακε
630 2311 784 2395 δόγματα,
807 2313 863 2377 καί
881 2310 1002 2398 κου’την
1022 2315 1169 2388 ἐπιεικῶς
1190 2313 1296 2377 αἰτίαν
1316 2315 1452 2390 τιθέμε-

347 2439 398 2492 νος
421 2419 476 2500 τῆς
495 2437 528 2478 τε
549 2414 611 2479 τοῖν
632 2419 802 2478 πολιτικῶν
823 2413 877 2479 έπί
896 2411 932 2477 τδ
958 2422 1068 2495 χεῖρον
1089 2409 1285 2498 πραγμάτων
1306 2411 1451 2498 α’νατρο-

214 2596 217 2603 !
348 2517 409 2601 πῆς
440 2514 495 2581 καί
522 2508 591 2599 ἅμα
624 2513 679 2601 τῆς
713 2516 862 2581 ἐντεῦθεν
896 2517 1048 2582 α’κουσίου
1080 2518 1186 2602 φυγῆς
1211 2513 1341 2581 ἑαυτοῦ.
1396 2516 1494 2581 auito

327 2607 329 2616 '
351 2625 421 2684 τίνα
441 2617 503 2701 γὰρ
525 2611 623 2704 ἄλλην
646 2614 745 2701 ἐχρῆν
766 2640 803 2681 σε
827 2626 1017 2701 συναγαγεῖν
1039 2615 1201 2699 ἱστορίαν,
1223 2620 1369 2698 βέλτιστε
1392 2621 1452 2702 φί-

348 2724 432 2800 λων,
457 2716 618 2805 ἔφασκον,
640 2719 873 2803 Ἀγαθσὶγγιλες
894 2723 964 2784 τίνα
988 2721 1016 2783 δ’
1039 2712 1138 2802 ἄλλην
1168 2724 1300 2803 κρείττω
1323 2717 1378 2781 καί
1398 2741 1453 2781 τι-

336 2822 511 2904 μιωτέραν
532 2820 648 2905 ταύτης
676 2818 784 2909 ρίὴθης
806 2822 881 2901 έμοί
907 2829 1027 2902 κομιεῖν
1059 2816 1218 2905 ἀφήγησιν
1239 2817 1374 2906 ἔξωθεν,
1398 2829 1456 2882 καιΙ

348 3104 557 3175 praeterfluens,
585 3108 612 3159 in
640 3123 693 3176 qun
719 3106 827 3161 flumine
844 3108 999 3162 Alexander
1023 3107 1134 3176 llagnns
1154 3109 1214 3162 solo
1245 3110 1302 3161 eins
1321 3110 1451 3177 adspectu

350 3178 495 3246 eupiditate
514 3180 639 3232 incensus
659 3196 719 3232 sese
738 3179 854 3233 lavasse
863 3179 968 3232 dieitur.

451 3274 537 3339 Quum
557 3290 623 3327 vero
647 3276 695 3327 ille
716 3276 867 3329 huiusmodi
887 3276 964 3342 plura
987 3277 1092 3329 relerre
1115 3274 1180 3329 mihi
1199 3276 1300 3343 vellet,
1327 3280 1453 3347 equidem

349 3362 409 3398 euru
428 3346 601 3413 prohibebam
622 3355 649 3399 et
666 3349 827 3400 narrationis
849 3348 927 3400 huius
947 3350 1148 3401 continuatione
1165 3350 1250 3402 incisa
1267 3350 1300 3402 ab
1320 3366 1353 3403 eo
1373 3362 1454 3421 pete-

357 3418 427 3483 bam,
446 3426 476 3470 ut
494 3420 526 3469 ad
545 3434 693 3471 sermonem
712 3435 839 3486 reversus
857 3420 1034 3487 responderet
1050 3421 1116 3472 mibi
1134 3423 1308 3491 interroganti
1326 3423 1455 3493 depatri-

354 3489 447 3541 arehis
468 3498 495 3541 et
513 3492 658 3558 episcopis,
679 3493 723 3559 qui
743 3490 805 3543 illas
823 3494 976 3557 provincias
999 3494 1103 3544 ratione
1127 3493 1261 3545 sanctiore
1288 3494 1455 3561 gubernandi

348 3571 429 3631 atque
450 3562 648 3615 administrandi
665 3578 759 3613 munus
778 3564 865 3614 sortiti
886 3571 985 3616 essent.
1007 3564 1106 3615 homiui
1125 3572 1213 3616 antem
1232 3563 1311 3617 valde
1330 3568 1454 3629 oblivio.

347 3650 412 3686 nem
431 3634 458 3685 in
480 3633 652 3701 opprobrium
673 3635 758 3699 verti,
779 3635 912 3701 quadres
934 3636 1040 3703 quidem
1058 3650 1112 3687 non
1131 3637 1169 3690 ita
1195 3637 1260 3688 mibi
1285 3639 1376 3691 audita
1401 3656 1455 3691 ue-

352 3706 483 3757 cessarias
502 3720 612 3757 narrare
631 3712 682 3757 tam
704 3708 782 3758 enixe
801 3706 940 3771 studeret,
958 3709 1110 3759 memoriam
1134 3716 1221 3759 autem
1247 3723 1335 3761 earum
1353 3727 1454 3774 rerum,

351 3790 419 3844 quae
438 3776 517 3826 nobis
534 3779 647 3829 maxime
665 3776 870 3845 cognoscendae
890 3787 980 3830 essent
999 3788 1025 3829 et
1039 3794 1103 3847 quas
1115 3781 1223 3847 pietatis
1241 3796 1321 3833 causa
1338 3782 1456 3850 vespera

351 3855 378 3898 et
402 3860 479 3898 mane
501 3855 528 3896 et
545 3850 657 3901 meridie
677 3850 768 3901 audire
788 3848 893 3902 dulcius
903 3850 968 3901 mihi
984 3851 1121 3905 videretur
1139 3866 1217 3921 quam
1235 3854 1259 3905 si
1272 3854 1455 3921 Croesusby-

349 3918 397 3970 dus
417 3918 475 3969 auri
501 3919 565 3969 mihi
600 3922 702 3973 modios
726 3920 888 3989 largiretur,
917 3921 1056 3974 oblivione
1085 3924 1290 3991 profundissima
1310 3926 1455 3988 obruisset,

352 3990 430 4057 quasi
449 4004 504 4041 non
523 3990 583 4057 ipse
606 4000 676 4043 esset
696 3995 737 4057 is,
758 3994 804 4061 qui
823 3993 927 4044 initium
946 4010 1051 4045 suarum
1070 3998 1249 4047 narrationum
1267 3997 1300 4048 ab
1320 3998 1457 4050 ecclesiae

351 4060 504 4128 naufragiis
524 4060 652 4127 duxisset,
672 4064 742 4129 quod
761 4080 811 4131 pro
829 4066 924 4131 patriis
943 4066 1084 4134 religionis
1104 4068 1231 4120 institutis
1243 4068 1366 4121 l'alsmae
1383 4083 1458 4121 nova

294 4172 300 4192 ,
350 4141 431 4201 atque
453 4131 598 4201 illegitima
616 4134 738 4203 dogmata
759 4138 880 4202 irrepere
899 4137 1012 4190 vidisset
1023 4138 1103 4204 idque
1121 4140 1206 4205 ipsum
1224 4154 1273 4207 pro
1288 4156 1368 4193 causa
1387 4156 1457 4192 con-

257 4252 261 4263 ,
354 4204 487 4257 versionis
519 4218 606 4256 rerum
626 4206 791 4273 publicarum
812 4210 840 4259 in
857 4208 1018 4261 deteriorem
1037 4209 1217 4261 conditionem
1238 4226 1356 4279 suaeque
1374 4214 1458 4264 inve.
1492 4254 1496 4257 .

315 4327 320 4336 ,
350 4275 485 4328 luntariae
506 4274 587 4345 lagae
617 4276 764 4329 habuisset.
810 4295 965 4347 „quamnam
989 4294 1055 4332 vero
1083 4280 1180 4347 aliam,
1205 4286 1327 4351 inquam,
1356 4286 1459 4351 optime

353 4350 500 4403 amicornm
507 4348 705 4418 Agathangele,
726 4348 842 4405 debebas
853 4350 1007 4419 colligere?
1025 4367 1103 4421 quam
1115 4352 1194 4405 aliam
1207 4357 1387 4408 narrationem
1407 4352 1459 4410 bae
