3184 5100
333 376 408 457 not
574 352 576 357 ’
647 376 872 447 menenom
906 372 1141 445 onnoomn

333 548 525 613 λύτττεσθιιι
545 546 591 633 τῷ
606 541 753 629 Λατίνῳ,
778 539 813 619 ἀς
830 541 878 607 ἐπ’
902 540 1029 627 ἀδελφῇ
1048 537 1194 625 γαμβρὸς
1214 536 1392 625 ῦπάρχων
1417 562 1465 627 τρι

332 653 465 732 βασιλεῖ
482 648 586 732 πύσης
608 644 799 729 ἐπετρόπευε
823 644 954 727 Λέσβου
976 644 1034 727 τής
1053 641 1162 727 νήσου.
1206 633 1248 705 οῦ
1268 641 1460 727 γενομένου

294 750 322 803 ⁸
334 750 432 836 ἀπήει
446 749 505 833 μὲν
520 750 576 814 καί
596 749 629 823 ἐς
641 746 795 813 Φιύκαιαν
817 740 914 821 αύθις
935 744 990 809 διά
1010 742 1064 809 τδν
1088 747 1145 809 τοῦ
1162 742 1319 829 Ὑρκανοῦ
1342 746 1460 807 παῖδα

334 849 353 917 δ
373 850 533 933 βασιλεύς,
555 850 693 931 ἐπανῆκε
716 849 745 911 δ’
771 845 864 911 ούδέν
883 837 928 911 ὧν
945 845 1090 929 ἐβούλετο
1112 845 1302 930 πεπραχώς.
1349 845 1417 909 καί
1440 843 1458 909 ύ

185 938 321 1010 Ἠδλίι
330 950 454 1035 χειμιύν
475 953 509 1015 ἐν
529 950 649 1025 τούτοις
669 948 824 1013 ἐτελεύτα.
866 945 1138 1031 ἐπανεληλυθότος
1158 949 1187 1010 δ’
1207 946 1240 1023 ἐς
1258 947 1478 1027 Βυζάντιον5

333 1048 429 1129 αύθις
460 1054 516 1117 τοῦ
546 1047 707 1133 βασιλέως
734 1051 873 1126 ἐκεῖθεν,
903 1043 982 1133 ήρος
1017 1045 1079 1133 ήδη
1109 1047 1305 1132 ἀρχομένου,
1330 1049 1455 1135 κατῄει

332 1154 387 1219 καί
409 1150 426 1217 ἀ
447 1153 614 1237 βάρβαρος
643 1146 790 1235 Ὑρκανὸς
811 1150 846 1213 ἐκ
878 1150 942 1213 τιῦν
963 1146 1171 1233 ύψηλοτέρων
1196 1150 1254 1231 τῆς
1274 1150 1453 1224 Βιθυνίας

329 1256 438 1339 μερῶν
467 1250 550 1337 ,ἄχρι
578 1252 641 1318 τάν
668 1249 837 1334 παραλίων
866 1252 922 1333 τῆς
952 1248 1175 1333 Χαλκηδονίοις
1196 1248 1370 1334 ἠπείρου,
1395 1252 1452 1315 καί

331 1353 490 1437 ύμιλησεν
522 1353 644 1417 ἐκεῖθεν
671 1352 717 1437 τῷ
737 1354 878 1433 ’βασιλεῖ
906 1350 961 1415 καί
989 1351 1249 1434 ἐκοινολογήσατο
1280 1351 1450 1435 περὶτοῦ

330 1453 426 1528 υἱέως
449 1446 553 1529 αδθις,
576 1450 630 1515 ούκ
651 1448 909 1536 αύτοπροαιύπως
928 1448 1011 1513 ἀλλὰ
1030 1453 1071 1515 δι’
1094 1449 1233 1515 ἀκατίων
1254 1449 1316 1515 καί
1338 1451 1479 1536 noio-tt

329 1557 413 1637 βειον
439 1550 500 1617 ἀπό
522 1550 662 1637 βραχέος
685 1550 768 1615 πάνυ
795 1552 853 1615 τοῦ
874 1550 1103 1634 διαστήματος,
1123 1550 1282 1636 ἐγγυτέρω
1305 1551 1447 1635 γενομέ-

330 1678 387 1719 νου
409 1655 467 1718 τοῦ
486 1654 646 1736 βασιλέως
681 1649 735 1717 διὰ
767 1650 933 1737 ῥαστώνην
966 1653 1022 1735 τῆς
1039 1652 1171 1737 χρείας,
1193 1652 1249 1717 καί
1269 1651 1362 1734 μετὰ
1385 1657 1448 1717 τῶν

331 1753 456 1819 οἰκείων
469 1751 575 1819 ἐπάνω
596 1753 652 1817 τοῦ
674 1755 795 1838 πύργου
817 1749 873 1836 τήν
886 1750 1003 1836 σκηνήν
1015 1751 1207 1837 πηξαμένου,
1233 1748 1270 1827 ὃς
1290 1754 1329 1818 ἐν
1349 1755 1445 1839 μέση

328 1858 384 1945 τῆς
412 1850 531 1937 μεταξύ
563 1853 722 1939 θαλάττης
755 1854 789 1917 ἐκ
822 1854 962 1915 παλαιοῦ
983 1849 1130 1937 πεπηγώς
1144 1850 1269 1938 ’Ἁρκλα
1291 1858 1448 1917 καλεῖται

295 1955 412 2041 ἱπρύς
432 1954 630 2035 Βυζαντίων.
674 1952 735 2019 ὅσα
756 1955 816 2037 μὲν
846 1947 903 2017 ούν
923 1953 979 2017 καί
1002 1946 1055 2017 οἷα
1083 1948 1122 2037 ἦν
1145 1951 1226 2047 ἀπερ
1247 1954 1371 2039 σφίσιν
1398 1953 1444 2018 εἴ-
1454 1968 1478 2019 15

330 2057 428 2147 ρηταί
446 2080 479 2121 τε
498 2055 553 2122 καί
575 2057 762 2141 ἐπήγγελται
780 2058 951 2141 τηνικαῦτα
965 2053 1021 2119 διὰ
1033 2058 1096 2120 τῶν
1112 2051 1231 2137 μεταξύ
1254 2055 1443 2139 πρέσβεων,

323 2156 453 2245 ,ἡμέρας
481 2157 676 2243 ἀνηλωκύσιν
708 2158 849 2223 ἐνταῦθα
866 2163 972 2243 τρεῖς,
1002 2157 1058 2221 καί
1078 2156 1148 2231 οἵας
1169 2155 1251 2241 πρὸς
1275 2156 1442 2240 ἀλλήλους

329 2261 386 2335 τάς
406 2284 440 2325 τε
463 2259 621 2337 δεξιώσεις
641 2258 696 2323 καί
712 2257 953 2345 φιλοφροσύνας
968 2262 1164 2343 πεποίηνται,
1186 2255 1243 2321 οῦκ
1260 2256 1442 2343 ἀναγκαῖον

330 2363 480 2439 διεξιέναι
503 2365 580 2425 καθ’
600 2365 736 2427 ἕκαστα·
787 2357 824 2425 τῦ
847 2362 875 2424 δ’
895 2353 951 2423 ούν
970 2362 1027 2443 τῆς
1046 2361 1174 2423 ἐνταῦθ’
1196 2355 1331 2441 ὁμιλίας
1352 2384 1440 2442 συμ-

328 2461 480 2546 πέρασμα
503 2458 558 2547 ήν,
592 2460 641 2527 ὅτι
676 2459 852 2527 δεδοίκασιν
887 2459 1032 2544 ἀλλήλοις
1065 2459 1178 2545 ἐγγύας
1211 2457 1267 2524 ἐπί
1290 2461 1440 2545 θυγατρί
1447 2465 1473 2519 oo
1498 2529 1499 2551 η

328 2559 484 2645 γενέσθαι
505 2560 651 2647 γαμβρόν
684 2564 731 2648 τηῖ
763 2566 897 2644 βασιλεῖ
918 2561 972 2627 τάν
1001 2561 1348 2645 ἐλευθερωθησύμενον
1383 2564 1440 2625 τοῦ
1498 2562 1499 2635 i

324 2657 476 2746 Ὑρκανοῦ
496 2665 620 2739 παῖδα,
651 2662 708 2726 καί
730 2659 798 2744 ἅμα
818 2656 901 2728 εἶναι
922 2666 1073 2748 διηνεκεῖς
1099 2649 1155 2726 καί
1178 2659 1314 2737 ἀλύτους
1337 2687 1438 2726 σπον-

330 2759 388 2836 δὰς
408 2760 526 2843 μεταξύ
543 2760 714 2846 Ῥωμαίων
734 2786 769 2828 τε
790 2765 847 2827 καί
866 2764 1052 2849 βαρβάρων.
1105 2761 1185 2833 κάπὶ
1204 2762 1329 2838 τούτοις
1350 2763 1436 2848 χρή-

325 2885 414 2943 ματα
436 2861 574 2949 εἰληφιύς
610 2861 800 2948 ὅβασιλεύς
832 2863 887 2928 ούκ
917 2863 1009 2949 ἀλίγα
1036 2861 1116 2949 πρός
1136 2887 1169 2928 τε
1206 2866 1263 2928 τοῦ
1281 2862 1437 2948 Ὑρκανοῦ

329 3102 388 3148 ctae
408 3104 534 3164 praeerat
553 3099 658 3152 incolae
677 3099 774 3154 Lesbo.
818 3116 888 3170 qnae
916 3113 995 3168 qnam
1015 3097 1085 3151 iacta
1104 3104 1214 3163 meent,
1233 3097 1263 3150 in
1282 3096 1433 3151 Phocaeam

329 3168 364 3220 ob
384 3167 501 3235 Hyrcani
520 3169 603 3222 fliium
622 3188 670 3224 rex
695 3174 784 3226 rediit.
821 3188 873 3226 nec
892 3165 1032 3241 qnieq'nam
1052 3185 1144 3222 eorum
1169 3184 1238 3238 qaae
1258 3168 1370 3222 volebat
1389 3172 1432 3222 in.
1496 3176 1497 3237 i

328 3240 427 3292 fectum
453 3241 574 3310 reliquit.
619 3251 645 3296 et
668 3243 753 3296 hiemo
781 3243 824 3296 hia
847 3243 928 3296 reboo
952 3243 1034 3294 finita.
1084 3241 1147 3292 inde
1173 3241 1331 3309 Byzantium
1351 3258 1431 3312 qnam

325 3323 374 3364 rex
393 3311 533 3376 rediisset,
558 3313 642 3380 primo
672 3315 722 3368 iam
743 3331 824 3379 vere,
844 3314 981 3382 Hyrcanos
1006 3312 1132 3380 barbarae
1153 3327 1186 3364 ex
1204 3312 1266 3364 aitis
1285 3312 1431 3380 Bithyniae

327 3382 446 3451 partibna
465 3397 550 3451 usqne
576 3385 607 3438 ad
629 3385 851 3438 Chalcedonicom
880 3401 952 3438 oram
979 3385 1117 3452 proiectos
1143 3391 1184 3436 eat
1205 3391 1232 3436 et
1251 3383 1350 3435 ibidem
1371 3401 1428 3436 cum

325 3470 392 3522 rege
411 3452 563 3506 collocutus
595 3464 622 3507 et
641 3456 782 3508 concilium
806 3457 839 3508 de
866 3454 922 3508 iilio
949 3456 1172 3519 communicavit,
1200 3469 1254 3506 non
1282 3456 1343 3521 ipae
1365 3459 1429 3525 qni.
1495 3500 1496 3509 ,

325 3527 403 3588 dem,
433 3525 480 3576 aed
509 3541 558 3592 per
579 3527 691 3594 scaphas
711 3537 737 3580 et
757 3527 880 3596 legatos,
909 3543 986 3596 quom
1014 3528 1097 3580 breve
1121 3534 1221 3578 tantum
1247 3527 1360 3594 apetiam
1381 3545 1429 3578 rex

326 3597 432 3648 abeaact
460 3605 569 3664 propter
598 3600 638 3650 rei
665 3598 816 3652 levitatem.
867 3607 894 3650 et
921 3615 979 3650 cnm
1005 3600 1060 3651 anic
1090 3613 1170 3664 sopra
1193 3614 1282 3649 arcem
1312 3598 1427 3652 domici.

326 3667 391 3719 lium
421 3666 586 3732 collocavit,
611 3685 679 3738 qnae
713 3671 778 3723 mari
807 3671 968 3723 circumdata
1002 3679 1029 3721 et
1061 3671 1170 3738 antiqno
1199 3677 1320 3736 tempore
1354 3670 1428 3722 inme

326 3737 409 3791 Areia
428 3755 442 3790 a
462 3737 599 3806 Byzantiis
618 3741 812 3794 nominabatur.
852 3757 920 3810 qnae
936 3741 1082 3810 qualiaque
1101 3741 1210 3804 inerint,
1230 3756 1298 3808 qnae
1316 3740 1350 3791 ab
1371 3741 1426 3792 iiiia

327 3809 398 3859 dicta
417 3817 478 3861 eunt
496 3813 670 3880 nuntiataque
690 3829 738 3880 per
756 3813 862 3882 legatos
881 3811 982 3880 tribue,
1002 3811 1095 3881 qnalea
1122 3811 1239 3863 honores
1258 3820 1285 3863 et
1303 3811 1425 3864 benevo.

327 3879 428 3930 lentiao
449 3881 607 3934 documenta
627 3883 677 3936 eibi
696 3885 812 3937 invicem
834 3885 965 3949 dederint,
983 3899 1036 3936 non
1058 3898 1124 3951 opos
1144 3890 1185 3933 eat
1202 3882 1358 3952 singulatim
1378 3899 1423 3934 τε.
1494 3894 1495 3905 ’

326 3949 409 4002 ieme.
458 3952 518 4004 iinis
552 3961 639 4006 autem
667 3955 798 4025 colloquii
828 3964 901 4019 erat,
926 3964 1065 4024 postquam
1098 3955 1212 4022 pignora
1240 3953 1292 4006 eibi
1309 3955 1423 4007 invicem

326 4020 456 4074 dederunt
485 4032 594 4090 propter
620 4025 699 4078 tiliam
724 4036 754 4078 ut
781 4042 860 4079 aocet
884 4028 958 4094 regio
984 4029 1088 4080 intorno
1113 4033 1186 4077 eaaet
1212 4025 1330 4091 Hyrcani
1356 4025 1423 4078 iiiios

325 4092 354 4142 in
372 4089 522 4144 libertatem
542 4097 690 4161 restitutus,
710 4106 737 4149 et
748 4106 879 4165 perpetua
897 4107 978 4168 atquo
987 4100 1142 4164 incorrupta
1157 4096 1268 4148 foedera
1286 4096 1423 4148 intenlio.

324 4175 417 4214 ananoa
447 4171 474 4214 ot
491 4161 617 4218 barbaros
637 4176 735 4222 eoaeat.
773 4177 913 4237 praeterea
942 4169 1038 4236 opiboa
1068 4169 1187 4235 acceptia
1206 4182 1261 4219 non
1279 4169 1373 4236 paucio
1393 4168 1423 4220 ab

327 4233 451 4298 Hyrcano
472 4241 499 4284 et
516 4233 664 4302 Byzantiis,
682 4240 727 4307 qni
747 4255 858 4292 coenam
877 4240 986 4308 pobiiea
1005 4232 1182 4304 celebrarant,
1200 4253 1250 4290 rex
1268 4237 1356 4306 plenia
1374 4254 1425 4291 ve.

327 4299 362 4358 lia
380 4303 408 4356 ia
429 4303 577 4360 Phocaeam
604 4310 775 4380 renavigavit
808 4319 835 4364 et
864 4312 959 4380 opimo
976 4311 1108 4367 caiodoto
1133 4311 1191 4364 ione
1213 4308 1294 4364 miiie
1320 4317 1424 4366 oentom
