3184 5100
337 373 558 520 nrsrorrtp
592 409 851 480 aminarum
879 417 975 483 xxrr.
997 401 1037 484 6.
1054 401 1094 484 7.
1227 411 1273 482 ra

90 659 94 674 .
171 566 223 634 διά
248 572 358 636 ’ταῦτα
388 571 443 638 καί
471 577 595 657 χρυσόν
613 599 688 644 ποτε
719 575 856 652 Ῥοδίοις
886 567 964 643 ὗσαι
992 579 1126 665 νεφέλας
1145 580 1274 660 κατέχει

171 668 262 752 λόγος
283 680 347 746 τοῖς
370 677 434 738 τεόν
451 669 639 757 Ἑλληνικόν
665 675 779 757 μόθων
801 677 993 762 ἀπορρήτοις
1022 674 1272 760 ἐνδιαιτώμενος,

171 771 233 853 ἐγώ
256 773 315 852 μὲν
340 771 396 836 οὐκ
426 765 467 837 άν
489 779 557 839 ποτ’
589 777 725 861 εἰδείην,
756 774 906 842 τοιούτων
939 776 1132 861 δποληψεων
1153 769 1272 860 όμείνω

170 868 368 954 κτησάμενος
395 865 520 940 όνωθεν
546 877 671 961 γνώμην
682 923 693 954 ,
715 881 831 962 λεγέτω
860 880 889 943 δ’
913 875 1003 955 δστις
1023 870 1151 959 όμεινον
1173 877 1272 962 εἰδείη

146 967 212 1036 δάν
233 971 326 1056 ἐμοῦ.
912 991 917 997 ’

273 1071 357 1141 Εἶεν.
403 1070 481 1162 ἦρος
503 1082 531 1143 δ’
555 1074 615 1165 ἤδη
636 1069 839 1165 χωροῦντος,
863 1083 896 1146 ἐν
918 1073 945 1170 ηδ
969 1079 1025 1146 καί
1042 1081 1188 1156 πλειάδες
1208 1070 1305 1163 ὅρη

169 1199 284 1260 χονται
314 1175 448 1262 κήρυκές
468 1203 501 1245 τε
531 1186 585 1246 καί
604 1183 782 1266 πρόδρομοι
808 1181 954 1264 γίνεσθαι
983 1187 1039 1267 τῆς
1061 1179 1193 1265 ἡμέρας,
1215 1184 1271 1245 ου’.

171 1282 253 1362 ρι’σις
274 1279 420 1344 κάκεέδεν
444 1281 638 1366 χρησάμενοι
668 1281 846 1363 πνεύμασιν
872 1282 1075 1367 ἀνήχθημεν,
1098 1279 1142 1357 τός
1164 1305 1273 1364 πεμπ-

171 1381 282 1455 ταίονς
312 1373 460 1464 ἡμᾶς-ἐς
483 1380 623 1466 μεγάλην
652 1407 686 1448 τε
716 1384 770 1448 καί
791 1387 861 1448 λίαν
888 1384 1065 1464 εόδαίμονα
1096 1385 1272 1470 άφικέσδαιΙ
1366 1409 1372 1416 ·

132 1477 274 1562 wadila,
298 1479 356 1565 τὴν
374 1479 614 1568 Ἀλεξάνδρειάν
630 1509 724 1571 φημι,
742 1488 1016 1567 πεντακισχιλίους
1030 1487 1179 1560 σταδίους
1191 1484 1271 1551 α’πέ-

90 1658 97 1672 1.
169 1605 295 1665 χονσαν
311 1581 440 1666 Ῥόδου,
466 1587 609 1670 κειμένην
634 1589 662 1650 δ’
683 1588 716 1650 ἐν
741 1587 839 1674 δεξιᾷ,
859 1584 957 1660 εἴτις
979 1589 1011 1662 ἐς
1033 1585 1069 1650 τό
1088 1582 1272 1670 Ἡρακλεω-
1310 1671 1314 1677 ,

169 1682 258 1749 τικόν
283 1690 445 1773 καταίρειν
468 1691 570 1753 ἐθέλοι
595 1690 698 1770 στόμα
724 1691 781 1754 τοῦ
805 1691 934 1754 Νείλου.
978 1693 1122 1773 μέγιστος
1142 1683 1204 1772 γάρ
1227 1681 1272 1752 adr

169 1786 321 1866 ποταμοῖν
346 1787 363 1848 ό
385 1791 520 1868 Νεῖλος,
543 1791 599 1853 καί
617 1785 693 1872 όλην
715 1781 824 1872 όρδων
845 1792 879 1853 ἐκ
900 1796 1001 1869 μέσον
1023 1786 1083 1870 την
1106 1786 1271 1869 Αἴγυπτον

170 1887 267 1966 μόνος
293 1885 398 1968 αότός,
422 1885 588 1972 όλόκληρσς
605 1888 723 1954 κάτεισι
747 1885 895 1966 ζωννόων
915 1887 1014 1971 αότην
1031 1880 1155 1952 dvorte
1171 1891 1269 1951 ποθεν

130 1995 159 2048 15
172 1985 373 2072 α’ρξάμενος,
405 1980 482 2074 όχρι
504 1995 560 2054 καί
585 1991 630 2066 είς
653 1993 834 2072 Βαβυλῶνα
862 1989 916 2071 την
937 1997 1009 2073 περὶ
1031 1989 1064 2053 τό
1087 1993 1194 2055 Δέλτα
1212 2013 1272 2052 κα-

166 2083 465 2179 λοόμενοηοότωσι
489 2115 554 2165 πως
576 2095 734 2174 κειμένην.
779 2093 901 2154 ἐκεῖθεν
932 2094 962 2153 δ’
981 2093 1071 2155 ἐννέα
1096 2086 1271 2173 μεριζόμε-
1322 2111 1335 2132 τ

171 2215 223 2266 νος
253 2188 411 2271 στόμασιν
443 2191 488 2267 εἰς
516 2190 572 2276 την
606 2193 790 2275 Αἰγυπτίαν
819 2192 977 2256 ἐκδίδοται
1010 2190 1196 2273 θάλασσαν,
1226 2182 1272 2256 adr

170 2285 274 2366 ἄλλως
303 2295 363 2372 μὲν
393 2282 516 2373 κόλλα,
545 2290 580 2356 τό
618 2295 652 2357 δέ
673 2292 753 2377 πρός
783 2290 876 2358 δόσιν
903 2295 959 2356 καί
983 2297 1121 2379 ζέφυρον
1153 2285 1271 2373 όνεμον

164 2390 419 2476 Ἡρακλεωτικὸν
440 2391 639 2474 ὀνομάζεται.
690 2393 802 2457 τοότου
828 2399 936 2459 τοίνυν
956 2394 1133 2479 ’νοτιωτέρα
1156 2389 1272 2476 μικρόν

128 2491 185 2577 2⁰p‘
210 2491 398 2579 περιβόητος
419 2495 648 2579 Ἀλεξανδρέων
671 2487 751 2579 αότη
772 2502 872 2560 κεῖται
900 2493 1110 2580 μακρόπολις.
1154 2491 1192 2580 ἢν
1215 2497 1270 2559 καί

168 2594 271 2680 ου’την
293 2595 491 2675 θεασάμενος
514 2590 586 2659 ὅσον
607 2598 699 2679 ἐξῆν,Ι
726 2598 779 2659 καί
811 2599 874 2660 τεόν
895 2596 1146 2680 άξιολογαιτὲρων
1166 2620 1269 2659 κατα-

166 2696 336 2782 τρυφὴσας
359 2697 460 2780 ον’τῆς
488 2693 664 2779 θεαμάτων
693 2698 735 2772 ιδς
759 2696 836 2783 ἡμῖν
855 2722 891 2781 γε
917 2700 1032 2783 ἐχρῆν,
1054 2695 1147 2763 ἔπειτ’
1169 2698 1269 2785 ἐξῄειν

169 3004 299 3059 divitibus
322 3012 349 3057 et
370 3004 531 3073 pauperibus
550 3006 730 3075 contingeret,
752 3012 832 3074 atque
849 3007 930 3058 vitam
948 3006 1006 3058 sinc
1021 3004 1144 3057 molestia
1162 3002 1270 3056 incolae

170 3086 294 3145 agerent.
332 3093 393 3129 uum
415 3078 477 3129 ideo
501 3077 569 3128 lerna
591 3084 648 3128 orta
665 3080 708 3143 sit,
731 3093 799 3145 quae
820 3079 892 3129 inest
905 3079 933 3128 in
951 3077 1110 3130 Graecarum
1120 3074 1268 3127 fabularum

170 3150 294 3214 arcanis,
324 3165 388 3201 auro
416 3149 545 3217 quondam
568 3148 679 3202 llhodiis
698 3150 800 3217 pluisse
820 3150 921 3213 nu‘ncs,
945 3150 973 3200 id
994 3150 1117 3217 equidem
1132 3149 1268 3211 nesciam,

166 3221 266 3273 talibus
288 3221 459 3289 opinionibus
480 3221 618 3273 meliorem
632 3222 790 3273 sententiam
811 3221 925 3273 caelitus
945 3221 1071 3289 adeptus:
1093 3220 1173 3285 dieat,
1193 3221 1269 3287 quis-

166 3294 227 3360 quis
249 3309 292 3344 me
313 3292 408 3345 melius
430 3294 489 3347 scit.

269 3388 394 3443 Ceterum
417 3405 482 3442 vere
506 3392 556 3441 iam
578 3391 751 3458 procedente,
775 3405 827 3459 quo
849 3398 969 3457 tempore
992 3390 1071 3441 etlam
1088 3386 1214 3439 Pleiades
1223 3386 1268 3439 in.

168 3462 272 3528 cipiunt
290 3478 531 3529 praeconesfesse
562 3471 588 3514 ct
610 3476 798 3530 praecursores
817 3462 887 3526 diei,
911 3462 1000 3513 ventis
1018 3460 1142 3514 secundis
1170 3460 1211 3511 usi
1241 3460 1269 3509 in

168 3534 251 3585 altum
269 3536 392 3601 provecti
413 3550 517 3599 sumus,
539 3543 568 3585 ut
589 3536 682 3603 quinto
704 3534 747 3585 die
767 3534 955 3587 Alexandriam
983 3534 1122 3599 maxlpram
1154 3538 1180 3582 et
1199 3543 1268 3596 opu-

167 3606 344 3657 lentissimam
365 3607 457 3658 urbem
479 3608 647 3669 veniremus,
670 3620 738 3672 quae
760 3608 878 3673 quinque
898 3606 971 3655 milia
991 3603 1135 3655 stadiorum
1154 3603 1269 3653 distata

167 3678 273 3740 Rhodo,
295 3678 386 3729 dextra
407 3679 467 3743 sita,
490 3680 512 3731 si
534 3679 593 3747 quis
607 3680 634 3729 in
649 3678 865 3730 Heracleoticum
880 3676 933 3728 Nili
948 3676 1044 3725 ostium
1064 3674 1207 3725 decurrere
1217 3689 1269 3725 ve-

166 3749 206 3801 lit.
246 3749 322 3803 littus
342 3752 429 3815 enim,
456 3751 597 3803 fluviorum
619 3752 756 3813 maximus,
781 3750 826 3817 qui
846 3757 927 3800 totam
947 3749 1100 3814 Aegyptum
1122 3761 1156 3797 ex
1180 3745 1268 3796 medio

166 3821 242 3874 solus
260 3823 371 3890 irrigat,
393 3821 628 3891 exsuperioribus
654 3821 810 3889 regionibns
836 3818 961 3870 alicunde
980 3826 1055 3869 ortus
1080 3818 1191 3886 cingens
1211 3830 1268 3868 eam

166 3896 311 3946 universus
336 3902 415 3963 atqua
440 3896 547 3962 integer
566 3894 717 3958 descendit,
744 3894 830 3945 donee
849 3890 1013 3957 Babylonem
1039 3890 1072 3941 ad
1091 3890 1178 3954 Delta,
1197 3887 1268 3957 qnod

166 3967 274 4031 dicitur,
294 3968 370 4018 sitam
388 3968 488 4019 veniat.
526 3965 588 4015 inde
606 3966 633 4015 in
653 3979 749 4017 novem
762 3966 831 4017 ostia
849 3964 950 4016 divisus
967 3964 995 4013 in
1013 3977 1086 4013 snare
1105 3961 1267 4029 Aegyptium

167 4038 262 4103 inlluit,
284 4054 394 4106 quornm
417 4040 545 4090 ostiorum
564 4036 618 4087 alia
637 4037 716 4089 aliter
734 4038 917 4100 nominantur,
937 4036 1032 4086 ostium
1052 4048 1119 4085 vero
1139 4030 1268 4084 occiden-

166 4118 218 4160 tem
243 4118 324 4178 atque
352 4108 498 4177 zephyrum
525 4116 632 4160 ventum
666 4124 759 4161 versus
784 4107 1000 4160 Heracleoticum
1032 4104 1192 4173 appellatur.
1235 4101 1268 4153 ad

168 4180 219 4231 hoc
242 4182 326 4250 igitur
345 4182 479 4247 paululum
498 4182 636 4233 meridiem
659 4196 753 4233 versus
771 4178 935 4232 Alexandria
954 4179 1003 4230 sita
1023 4185 1073 4241 est,
1093 4174 1268 4228 celeberrima

168 4260 248 4320 atque
267 4254 530 4321 magnificentissima
545 4252 616 4304 urbs.
663 4268 740 4321 quam
759 4267 838 4319 quum
857 4250 999 4314 vidissem,
1024 4254 1150 4316 quantum
1168 4244 1268 4297 licebat

169 4333 195 4375 et
213 4324 343 4396 adspectu
367 4340 454 4377 rerum
477 4328 538 4379 visu
557 4326 724 4392 digniorum,
748 4332 778 4375 ut
795 4322 874 4375 nobis
903 4328 1111 4373 consentaneum
1131 4325 1196 4380 erat,
1215 4313 1267 4365 ot.
