3184 5100
233 410 238 422 ‘
293 403 516 479 mesonma
543 403 804 475 ematurata
826 390 1138 480 mitt-30.
1196 404 1270 480 att

175 573 294 655 κάρτος,
313 561 379 637 οἷον
399 568 434 635 τά
459 561 644 655 άφθαρτον,
675 568 709 635 τὸ
733 560 900 655 άτρεπτον,
922 569 957 636 τά
978 573 1213 660 α’κατάληπτον,
1234 572 1270 640 τά
1341 621 1344 640 t

175 670 315 758 δυνατόν,
337 671 372 736 τά
388 668 619 754 προγνωστικὸν
639 672 694 734 καί
716 662 776 735 ὅσα
797 672 881 736 ἐστίν
903 670 921 734 ά
941 675 1056 757 πατήρ,
1069 675 1181 740 »ταῦτα
1199 672 1269 740 ἴδια

173 774 232 835 τοῦ
253 768 326 839 visi
347 768 507 853 τυγχάνει.
564 773 703 836 ε’ντοιιῖθα
734 770 841 836 τοίνυν
869 770 886 836 ὅ
908 775 939 836 Γ
937 776 1074 858 ρηγοροῖς
1096 771 1152 839 τόν
1171 773 1272 858 μέγαν

173 869 313 957 ἔφασκεν
332 866 519 939 Ἀθανάοιον
539 870 592 937 διά
622 876 678 955 τῆς
709 876 923 958 πληθοντικῆς
943 874 1196 960 ἀπαγορεύσεως,
1217 878 1278 960 τῆς,

146 972 236 1055 δοάχ
258 971 363 1039 ἕνεκεν
385 974 517 1039 κτισταῖν
550 972 755 1058 πραγμάτων,
787 972 996 1059 άναιρεῖνμῆ
1019 971 1069 1041 δἐι
1092 976 1134 1039 ον’
1153 975 1272 1061 κτιστά,

173 1070 312 1139 ἀλλ’ὅτι
333 1075 410 1139 ον’δε
432 1069 611 1161 πράγματα.
636 1076 666 1139 εἰ
686 1077 720 1138 δὲ
741 1070 785 1159 μη
810 1079 865 1139 καί
886 1074 943 1159 την
964 1082 1058 1142 θέσιν
1078 1078 1119 1164 τῇ
1140 1076 1272 1160 α’ρνήσει

173 1173 358 1259 ἐπήνεγκεν,
380 1166 494 1257 ἥκιστα
528 1179 622 1239 τοῦτο
644 1174 762 1241 καινόν.
818 1180 900 1263 φησί
918 1175 980 1260 γάρ
1003 1179 1059 1241 καί
1079 1177 1095 1241 t
1116 1181 1217 1261 peyne
1237 1176 1272 1243 ἐκ

173 1281 319 1365 θεολογίφ
340 1278 370 1341 Γ
367 1268 620 1361 ρηγόριοςεῖνιιι
639 1274 740 1341 πολλά
765 1280 828 1341 τῶν
850 1272 933 1343 οὕτω
956 1283 1152 1362 λεγομένων,
1172 1280 1271 1365 άρνη-

173 1377 267 1451 τινάς
286 1380 345 1457 μὲν
367 1377 406 1443 σά
425 1378 561 1465 θετικῶς
581 1378 627 1441 ot.
671 1373 715 1454 οὖς
733 1376 768 1441 τά
785 1377 846 1440 “osi
866 1376 928 1462 γάρ
952 1380 986 1443 ἐκ
1001 1383 1120 1462 μέτρον
1140 1376 1342 1448 ιίιίίωσινίίῑἱ
1365 1461 1368 1470 1

127 1473 189 1542 soi
210 1474 287 1552 θεάς
309 1473 344 1541 τὸ
366 1477 523 1556 ossium?
576 1470 648 1543 οάτε
681 1475 740 1563 γάρ
766 1481 898 1545 δίδωσιν
920 1470 995 1543 οάτε
1014 1487 1272 1567 μεμετρημένον·

175 1578 215 1643 ον’
233 1577 294 1663 γάρ
323 1586 483 1659 μετρεῖται
515 1580 600 1662 παρὰ
623 1584 701 1643 θεοῦ
722 1580 809 1655 θεός.
853 1580 908 1645 καὶ
929 1575 1033 1661 οὕτως
1056 1577 1155 1659 εάθάς
1175 1585 1272 1649 α’ναι-

172 1687 228 1763 ρεῖ
243 1682 415 1765 προφαναῖς
435 1676 572 1755 ἐκείνους
595 1678 628 1744 οἵ
645 1680 746 1745 πολλά
767 1705 802 1746 τε
822 1679 993 1765 πράγματα
1015 1688 1069 1749 καί
1090 1677 1158 1767 άμιι
1180 1679 1273 1751 άκτι-

173 1802 235 1843 στα
258 1776 379 1847 οἴονται
410 1779 450 1845 τά
472 1783 636 1865 θεοπρεπῆ
657 1803 691 1845 τε
719 1779 775 1845 καὶ
804 1778 883 1847 κατά
906 1785 963 1867 τη“ν
982 1789 1152 1871 προφορὰν
1172 1786 1271 1870 πολλά

171 1882 238 1947 των
259 1880 442 1961 ineptiae-⁴
493 1884 554 1964 οὐχ
587 1883 690 1946 ἕνεκεν
708 1878 792 1967 γάρ,
817 1885 907 1969 φησί,
931 1871 1127 1970 πραγμάτοιν
1148 1892 1273 1951 πολλῶν

126 1979 275 2068 ιῇέφηὸ
304 1980 413 2067 σωτήρ
439 1986 543 2049 ἐκεῖνα
573 1981 611 2049 τά
644 1983 758 2049 πάντα.
810 1984 966 2052 α’δάνατον
996 1986 1056 2072 γάρ
1084 1987 1129 2071 με)
1163 1986 1271 2053 κτιατά

164 2076 265 2165 εἶναι,
289 2082 311 2147 ά
336 2081 435 2149 πολλά
454 2088 489 2149 ιε’
510 2089 579 2149 ἐστι
602 2084 659 2149 καί
674 2090 897 2170 πληθυντικῶς
912 2089 1045 2170 λέγεται.
1089 2085 1189 2169 μονάς
1210 2086 1272 2171 γάρ

172 2182 287 2267 iuste
313 2184 410 2270 φάσις
433 2181 539 2251 siloes
559 2184 579 2267 ἦ
602 2183 679 2267 άγιά
699 2185 801 2268 τριάς,
830 2190 885 2251 καί
906 2189 940 2253 ἓν
962 2190 1018 2251 κατ’
1037 2188 1077 2251 ον’
1095 2186 1207 2269 πολλά,
1228 2188 1272 2264 αἱς

175 2280 326 2361 πολλάκις
347 2284 423 2368 ἡμῖν
445 2286 593 2379 άνοοτέρισ
627 2283 682 2351 διά
704 2291 871 2375 γραφικοάκ
892 2287 1114 2373 οννεπεράνθη
1134 2292 1270 2368 δείξειαν.

171 2384 253 2471 φησί
272 2384 333 2469 γάρ
357 2385 412 2451 καὶ
433 2386 449 2452 ὁ
470 2392 557 2461 θεῖος
587 2389 621 2451 ts
641 2393 821 2469 Δαμασκοῦ
841 2392 1001 2475 Ἰωάννης,
1023 2386 1065 2465 ὥς
1084 2393 1116 2455 εἰ
1135 2386 1299 2467 πολλοάςί.
1313 2395 1365 2456 stt
1374 2414 1400 2455 r.

122 2490 309 2570 ooe'poe‘pee
329 2486 435 2572 θεούς,
455 2484 576 2573 ἀνάγκη
597 2490 759 2576 διαφοράν
780 2494 814 2556 ἐν
833 2501 899 2569 τοῖς
921 2498 1047 2568 πολλοῖς
1059 2496 1268 2577 θεωρεῖσθαι.
1289 2496 1295 2500 ’

170 2591 202 2656 εἰ
223 2591 251 2654 ‹t’
275 2589 410 2672 σι’δεμία
433 2588 574 2676 διαφορά
597 2594 632 2656 ἐν
654 2593 783 2678 αὐτοῖς,
805 2587 851 2668 εἷς
871 2588 994 2674 μᾶλλον
1013 2596 1068 2657 καί
1087 2594 1128 2657 ον’
1148 2594 1269 2660 πολλοί.

170 2692 212 2754 ου’
233 2687 294 2774 γάρ
314 2685 353 2755 oie
373 2695 523 2778 διέφερον
547 2693 692 2778 άλλὴλων
714 2692 753 2759 τά
777 2697 974 2781 διαφέροντα
1000 2692 1082 2760 κατά
1106 2693 1161 2760 τάν
1182 2701 1271 2762 θεῖοι

168 2796 336 2876 Μάξιμον,
353 2795 383 2858 εἰ
400 2791 446 2880 μή
469 2797 532 2862 ταῖν
553 2793 655 2880 λόγων
676 2785 723 2872 οἷς
742 2794 904 2882 γεγόνασιν
925 2793 1063 2880 ἐχόντων
1089 2790 1268 2883 διαφοράν·

171 3159 390 3230 incorruptibile,
401 3160 548 3226 immobile,
567 3169 714 3227 aeternum,
726 3162 904 3229 omnipotens,
914 3160 1075 3228 provideus3
1094 3176 1270 3231 quascunque

173 3241 236 3288 suut
255 3241 341 3302 pater,
365 3248 396 3284 aa
415 3234 523 3300 propria
542 3232 591 3284 lilii
613 3241 683 3285 suut.
727 3233 826 3286 ibidem
846 3232 978 3302 Gregoras
1003 3249 1126 3301 magnum
1148 3233 1270 3288 Athana.

172 3307 241 3358 sium
260 3303 359 3372 plurali
379 3305 489 3356 dictioni
508 3303 569 3356 illa:
592 3320 646 3356 nou
661 3313 808 3356 creatarum
824 3320 913 3357 rerum
932 3321 1022 3369 causa,
1042 3319 1203 3375 negarenon
1222 3321 1270 3357 so-

174 3377 230 3428 lum
250 3385 340 3428 creata
363 3393 433 3442 esse,
453 3375 499 3428 sed
519 3377 596 3428 etiam
615 3391 658 3428 res
672 3392 741 3428 esse.
780 3378 803 3428 si
823 3377 1035 3444 veronegationi
1045 3378 1205 3443 positionem
1215 3392 1270 3428 non

173 3449 283 3513 addidit,
304 3448 355 3499 hoo
374 3449 482 3499 minime
502 3461 610 3499 novum.
649 3448 714 3499 dicit
734 3448 803 3499 enim
824 3455 852 3499 et
869 3463 979 3516 maguus
999 3447 1143 3516 theologus
1162 3447 1268 3517 Grego-

172 3521 240 3584 rius,
260 3535 320 3570 esse
341 3519 422 3570 multa
442 3535 510 3588 qaae
532 3521 571 3571 sic
588 3520 715 3586 negative
730 3520 862 3583 dicuntur,
881 3535 935 3570 nou
954 3521 1081 3586 positive,
1100 3519 1197 3572 velut:
1215 3534 1270 3571 uon

173 3591 207 3642 ad
226 3591 339 3642 medium
358 3592 423 3642 deus
443 3591 563 3658 spiritam
585 3591 692 3656 tribuit;
720 3606 774 3642 nou
798 3592 867 3642 enim
895 3592 987 3643 tribuit
1005 3591 1195 3658 ponderatum,
1215 3605 1270 3642 nou

172 3664 283 3714 metitur
306 3663 375 3728 apud
401 3663 478 3714 deum
504 3663 579 3714 deus.
625 3669 705 3730 utque
730 3664 767 3713 ita
794 3661 898 3714 refellit
917 3669 1009 3728 aperte
1029 3677 1090 3727 eus,
1110 3662 1156 3730 qui
1174 3661 1271 3728 multas
1293 3705 1303 3713 .

172 3749 218 3786 res
240 3742 266 3785 et
284 3733 362 3785 simul
380 3735 499 3786 increata
517 3731 609 3800 putant
637 3735 687 3785 deo
712 3733 791 3800 digna
818 3741 845 3785 et
861 3733 943 3785 multa
967 3734 1083 3784 uomina.
1117 3733 1271 3797 nonenim,

171 3805 270 3872 inquit,
289 3805 429 3856 multarum
448 3821 535 3856 rerum
562 3820 641 3856 eausa
667 3805 733 3856 dixit
753 3803 873 3856 salvator
902 3804 951 3855 illa
969 3805 1067 3855 omnia.
1104 3803 1271 3872 impossibile

174 3877 244 3928 euim
263 3884 374 3926 estnon
394 3891 453 3928 esse
473 3883 578 3940 creata,
611 3892 679 3944 quae
702 3875 783 3926 multa
810 3883 872 3928 suut
890 3874 989 3942 plurali
1009 3891 1119 3928 numero
1138 3878 1271 3928 dieantur.

172 3961 227 3998 una
245 3953 332 3997 autem
353 3954 393 3997 est
407 3948 497 3998 divina
516 3956 619 4011 natura,
638 3947 745 3999 scilicet
759 3945 785 3998 S.
806 3949 940 3998 trinitatis.
963 3955 990 3998 et
1008 3963 1098 4012 unum,
1116 3962 1170 3998 uun
1189 3946 1272 4009 multa

173 4018 244 4088 quod
264 4031 344 4082 saepe
366 4031 445 4085 supra
463 4033 478 4068 a
496 4018 573 4068 nobis
592 4020 755 4086 argumentis
776 4034 790 4068 e
809 4019 941 4086 scriptura
951 4020 1043 4070 sumtis
1062 4019 1199 4086 probatum
1221 4027 1270 4072 est.

172 4091 239 4142 dictt
258 4090 335 4140 etiarn
363 4089 394 4140 b.
418 4089 532 4140 loannes
551 4087 746 4142 Damascenus:
774 4091 798 4142 si
826 4089 923 4141 maltos
951 4090 1016 4142 deos
1034 4090 1199 4156 diceremus,
1218 4106 1271 4142 ue-

172 4171 250 4213 cesse
270 4167 342 4211 esset
359 4169 388 4211 ut
408 4163 524 4213 varietas
552 4161 622 4212 inter
651 4163 748 4212 multos
770 4168 935 4212 cerneretur.
980 4163 1003 4213 si
1030 4161 1105 4213 nulla
1125 4163 1196 4214 inter
1224 4176 1270 4214 eus

171 4235 289 4286 varietas
310 4239 359 4298 est,
379 4247 446 4285 unus
466 4241 520 4297 est,
542 4247 596 4284 uon
615 4233 700 4284 multi.
738 4247 792 4284 uon
815 4233 883 4282 euim
902 4231 1040 4284 differrent
1062 4234 1133 4285 inter
1151 4249 1181 4286 se
1201 4248 1270 4302 qnae

171 4303 298 4358 dilieruut
324 4305 393 4374 apud
414 4303 691 4372 ll.b1aximom,uisi
715 4319 813 4358 causae
836 4303 934 4373 quibus
953 4303 1010 4358 uati
1033 4313 1115 4372 aaut,
1140 4303 1271 4360 baberent
