3184 5100
331 312 407 395 lia
643 324 866 395 arcornom
898 322 1128 401 aaaooaaa

332 485 388 550 καί
397 482 523 571 Δανιὴλ
536 486 593 551 act*
604 486 734 574 Ἰωσήφ,
756 470 805 563 οἷς
821 488 1006 574 νυκτερινοί
1021 510 1103 563 τινες
1123 483 1217 570 ὄψεις
1227 460 1445 551 καθεύδουσι

329 586 425 670 μήπω
453 587 624 673 γεγονότων
654 587 762 673 ἀληθῆ
790 595 946 675 παρεῖχον
976 586 1034 672 τὴν
1057 587 1247 675 πρόγνωσιν.
1290 589 1374 674 περὶ
1400 576 1444 653 ὧν

333 686 524 773 ἀμφοτέροιν
552 684 571 752 ύ
592 687 775 775 σοφώτατος
807 682 936 775 οἷιιοριῦν
965 688 1116 773 θεολόγος
1136 689 1167 752 Γ
1168 686 1318 774 ρηγύριος
1342 686 1444 764 αύτύς

330 786 390 868 μὲν
411 784 566 872 ὁμολογεῖ
580 785 626 872 μὴ
648 787 776 866 εἰδέναι,
798 790 916 853 εἰδέναι
940 788 974 853 δὲ
995 786 1049 852 τὸν
1063 790 1126 852 coir
1147 791 1325 874 προφητῶν
1349 787 1443 864 θεάν,

330 884 577 1008 εἴτεηιιντασιά
596 913 644 963 τις
664 884 703 975 ἢν
718 886 863 975 ἦμερινή,
886 886 947 953 εἴτε
967 886 1079 964 νυκτύς
1093 875 1237 973 ἀψευδὴς
1259 883 1350 970 ὄψις,
1376 886 1463 955 εἴτε5

328 988 386 1048 τοῦ
408 984 597 1080 ἡγεμονικοῦ
617 988 758 1064 τύπωσις
766 988 989 1113 ,συγγινομὲνη
1017 997 1083 1066 τοῖς
1104 986 1326 1117 με’λλρυσιν“
1297 1014 1346 1064 ως
1374 1016 1441 1052 πα-

330 1088 438 1173 ροῦσι·
481 1087 562 1173 πλὴν
582 1088 687 1164 οὐδεὶς
708 1091 788 1156 θεοῦ
810 1088 906 1175 φύσιν
928 1083 1007 1168 εἶδε,
1032 1092 1151 1177 φησίν,
1172 1087 1192 1172 ὴ
1186 1084 1442 1175 ἑξηγύρειισεν.

331 1178 378 1261 οἷς
403 1187 509 1253 τοίνυν
539 1186 580 1252 τά
608 1191 672 1252 τοῦν
693 1192 807 1253 κοινῶν
828 1190 955 1253 ἔννοιάν
979 1192 1035 1273 τῆς
1062 1192 1119 1253 τοῦ
1150 1191 1228 1252 θεοῦ
1259 1190 1441 1273 εκκλησιάς

201 1288 468 1372 Μίνδιπέπηγεν
502 1285 635 1354 άσειστοι
668 1288 749 1354 κατιὶ
781 1290 908 1375 γνώμην
941 1283 1084 1355 ἑστῶσαν
1110 1316 1163 1355 και
1197 1288 1440 1375 άναμφύβολον,

329 1387 450 1463 τούτοις
479 1391 535 1453 και
564 1390 695 1476 σφόδρα
714 1416 746 1454 τι
762 1388 898 1516 ῥᾴῦιρν
924 1390 1060 1475 ἀόρατον
1088 1415 1141 1455 και
1162 1391 1260 1515 μόνην
1285 1384 1474 1456 immoto

265 1470 529 1571 ύογματιζειν
550 1491 607 1553 τοῦ
628 1492 707 1554 θεοῦ
735 1488 791 1574 τὴν
823 1490 935 1557 ούσιάν
966 1516 1020 1556 και
1042 1515 1118 1576 γνω
1119 1516 1149 1577 ιη
1179 1516 1232 1555 και
1254 1492 1358 1576 ψυχῇ
1382 1515 1441 1554 και

326 1587 417 1672 χειρι
434 1589 556 1676 νύκτωρ
576 1614 610 1655 τε
633 1616 687 1656 και
711 1589 833 1674 μεθ’ε
812 1591 936 1677 ημέρσν
952 1592 1010 1669 ἀεί,
1033 1618 1086 1657 και
1104 1593 1206 1656 πάντα
1226 1592 1331 1654 ταῦτα
1353 1614 1441 1675 προς

263 1691 446 1763 ιοκανύνα
470 1690 526 1779 not*
545 1692 691 1777 στάθμην
725 1690 851 1777 ἀνάγειν
882 1694 957 1755 ε’κεῖ.
1007 1695 1035 1757 εἰ
1057 1691 1118 1779 γάρ
1140 1693 1196 1757 καὶ
1218 1692 1353 1773 Μωσῆς
1377 1688 1438 1773 τὴν

329 1788 465 1875 άόρατον
483 1789 596 1857 ούσιόν
617 1789 697 1878 ύράν
719 1793 850 1857 ἐδύνατο
873 1795 930 1857 τοῦ
942 1795 1029 1871 θεοῦ,
1053 1792 1109 1856 οῦκ
1125 1790 1163 1857 άν
1186 1790 1294 1877 άπύση
1318 1790 1437 1876 γνούμῃ

327 1892 383 1957 καῖ
404 1888 479 1975 ὅλης
499 1894 611 1976 ψυχῆς
631 1894 799 1981 προθυμίᾳ
832 1891 931 1985 ρῦτως
954 1888 1023 1980 ᾔτει
1046 1888 1355 1976 δεόμενοςῦστερον
1379 1892 1439 1956 καί
1447 1915 1473 1967 15

327 1991 427 2075 λέγων
446 1988 497 2055 “εἰ
520 1989 650 2077 εῦρηκοι.
664 1993 764 2078 χάριν
795 1993 935 2058 ἐναντίον
962 2016 1022 2057 troo
1053 1993 1152 2078 κύριε,
1175 1990 1355 2077 ἐμφάνισύν
1375 2016 1437 2073 μοι

328 2088 462 2155 σεαυτὸν
483 2094 632 2176 γνωστοῖς
664 2091 724 2157 ἴδω
749 2117 795 2170 σε,
818 2090 905 2169 ὅπως
930 2088 967 2157 άν
985 2086 1023 2157 ,ά
1047 2090 1189 2179 εῦρηιιώς
1214 2091 1314 2176 χάριν
1338 2092 1435 2157 ἐναν-

322 2190 392 2256 Ιτιόν
415 2190 509 2268 σοιι,”
548 2192 605 2257 καὶ
625 2192 721 2257 πάλιν
739 2191 864 2271 “beliot
883 2218 940 2277 μοι
961 2192 1017 2277 τὴν
1046 2194 1182 2258 σεαυτοῦ
1204 2190 1332 2269 δύξαν.”,
1375 2194 1436 2275 δῆ-

325 2296 383 2375 λον
402 2289 464 2377 γάρ
486 2288 530 2367 ὥς
555 2295 744 2376 σωματικῶς
773 2295 900 2376 βλέπων
922 2294 1075 2377 ἐπεθύμει
1105 2292 1236 2377 καὶτῆς
1258 2294 1354 2369 θειάς
1378 2292 1435 2356 ού-

328 2392 400 2466 σιάς
422 2389 539 2476 θεατὴς
558 2394 720 2477 γενέσθαι.
772 2392 808 2457 τά
844 2396 879 2459 δὲ
905 2391 943 2479 ἦν
966 2393 1138 2459 ἀδύνατον·
1194 2392 1471 2478 άπερύγραπτοςρο

327 2491 383 2554 καί
405 2490 544 2567 άνείδεος
579 2489 712 2569 ύθεύς·
762 2491 819 2558 “so
842 2495 1016 2581 πρόσιιοπάν
1035 2492 1117 2576 μου”
1137 2493 1198 2579 γάρ
1232 2515 1331 2580 φησιν
1352 2490 1432 2556 “osia

328 2589 513 2676 ὀφθήσεταί
531 2615 599 2656 σοι·
623 2592 727 2670 ούδεύς
748 2593 829 2681 γάρ”
852 2619 950 2682 φησιν
969 2591 1108 2678 “ύψεται
1126 2593 1161 2658 τά
1180 2593 1432 2680 πρόσωπόνμοιι

397 2799 423 2878 ¹?
440 2793 544 2858 lc'roti
559 2805 626 2874 περὶ
642 2804 797 2878 θεολογίας
814 2802 947 2877 δευτέρου
965 2803 1063 2875 λόγου.

326 2998 405 3053 calna
422 3000 463 3052 rei
483 2999 609 3068 permulti
629 2999 677 3053 slii
695 3008 779 3054 testes
798 3007 860 3054 sunt
877 3001 1035 3068 incorrupti,
1054 3001 1101 3054 sed
1121 3000 1200 3053 etiam
1218 2998 1314 3052 Daniel
1335 3007 1364 3052 et
1381 2999 1431 3054 lo.

325 3069 403 3139 sepis,
422 3072 519 3140 quibas
534 3081 683 3124 nocturnae
707 3073 827 3124 visiones
851 3074 880 3124 ln
898 3075 998 3126 somnis
1026 3088 1115 3124 earum
1133 3084 1221 3124 rerum
1251 3071 1431 3139 quaefactae

324 3159 380 3196 non
400 3152 485 3210 erant,
506 3159 595 3196 reram
615 3145 861 3211 praecognitionem
873 3144 1044 3211 praebebant.
1081 3144 1114 3196 de
1132 3151 1247 3210 utroque
1260 3141 1367 3208 sapiens
1379 3143 1432 3194 ille

324 3213 471 3283 theologus
490 3215 622 3281 Gregoras
642 3215 777 3267 haesitans
796 3216 855 3282 ipse
882 3217 1022 3284 quicquam
1041 3215 1111 3267 scira
1130 3229 1160 3266 se
1178 3221 1268 3281 negat,
1286 3213 1358 3264 scire
1377 3229 1431 3265 au..

324 3295 379 3338 tem
397 3285 586 3353 prophetaram
606 3287 683 3337 (lenm
702 3287 761 3340 sire
781 3286 920 3353 phantasia
939 3295 980 3339 est
1002 3285 1095 3338 diurna
1123 3287 1182 3337 sire
1204 3292 1335 3336 nocturna
1360 3299 1431 3336 vera

324 3358 404 3422 visio,
424 3357 613 3410 alterationis
632 3357 741 3425 efligies
762 3359 1017 3425 praecognoscentia
1037 3359 1125 3408 lutura
1151 3365 1274 3424 tanquam
1295 3369 1431 3421 praesen.

323 3430 370 3480 tia.
409 3436 527 3480 ceterum
549 3443 627 3478 nemo
651 3429 694 3480 dei
712 3437 833 3480 naturam
853 3430 920 3482 vidit
940 3437 985 3480 aut
1004 3429 1140 3496 professus
1166 3435 1215 3478 est.
1254 3426 1351 3495 quibus
1369 3427 1431 3494 igi.

314 3508 367 3551 stur
392 3499 499 3551 «lisinae
526 3498 660 3551 ecclcsiae
689 3515 841 3552 communes
872 3501 1022 3552 sententiae
1053 3515 1111 3550 cum
1138 3497 1212 3550 firma
1236 3505 1263 3549 ct
1291 3497 1431 3549 constanti

323 3578 412 3623 mente
431 3578 559 3638 acceptae
578 3571 675 3634 sunt,'
667 3572 702 3622 ris
722 3572 801 3623 etiam
820 3570 951 3637 perfacile
971 3579 1011 3622 est
1025 3570 1068 3622 dei
1090 3571 1231 3622 essentiam
1250 3577 1279 3620 ut
1297 3569 1430 3620 invisibi-

324 3640 378 3694 lem
400 3649 427 3692 et
445 3639 531 3694 solans
550 3642 694 3693 increatam
718 3641 881 3710 pervulgare
910 3651 938 3694 et
964 3643 1051 3693 animo
1078 3649 1105 3693 et
1123 3641 1216 3708 lingua
1241 3648 1267 3691 et
1288 3647 1379 3690 mente
1403 3647 1431 3690 ct

227 3738 232 3762 ι
323 3727 402 3762 mann
422 3712 476 3764 diu
486 3720 631 3780 noctoque.
651 3728 719 3780 qnae
738 3713 827 3764 omnia
848 3714 880 3765 ad
905 3727 1024 3764 normam
1044 3719 1071 3764 et
1087 3712 1207 3780 regulam
1232 3711 1327 3762 deduci
1348 3709 1428 3762 licet.

323 3783 347 3834 si
367 3783 437 3833 enim
455 3785 515 3850 ipse
532 3783 619 3836 lloses
639 3783 804 3836 invisibilem
823 3784 866 3836 dei
886 3786 1028 3836 essentiam
1047 3784 1139 3835 videre
1160 3790 1281 3866 poterat,
1292 3797 1346 3832 non
1369 3789 1429 3832 tota

322 3862 413 3903 mente
434 3860 461 3906 et
480 3854 552 3905 omni
578 3854 659 3906 animi
685 3855 836 3906 intentione
860 3862 954 3921 postca
981 3862 1119 3922 rogasset:
1150 3855 1250 3904 utinam
1274 3853 1428 3904 invenirem

322 3924 436 3992 gratiam
455 3926 524 3990 apud
543 3932 570 3976 te
588 3926 711 3990 domine,
740 3925 852 3978 ostende
870 3934 897 3976 te
916 3926 991 3989 mibi,
1015 3925 1202 3992 cognoscendo
1222 3931 1249 3974 te
1268 3924 1427 3989 percipiam,

322 4002 352 4045 ut
372 3994 506 4046 inveniam
521 3997 633 4063 gratiam
651 3997 722 4079 apud
739 3997 896 4048 tedomine.
918 4007 944 4049 ct
968 4012 1073 4049 rursus:
1095 3995 1206 4048 ostenda
1226 3994 1290 4045 mibi
1309 3992 1428 4060 gloriam
1502 4027 1503 4050 ι

280 4077 286 4089 ‘
323 4071 406 4117 tuam.
443 4074 564 4134 apertum
584 4075 625 4118 est
643 4068 713 4118 enim
738 4067 914 4135 corporaliter
940 4083 1018 4136 quam
1038 4068 1164 4128 vidisset,
1185 4072 1293 4132 optasse
1313 4080 1374 4115 eum
1397 4072 1428 4116 nt
1502 4069 1503 4100 l

241 4145 247 4158 ‘
322 4135 444 4189 divinam
464 4138 605 4189 essentiam
624 4148 811 4206 cognosceret.
832 4141 883 4190 boc
904 4154 969 4192 vero
989 4137 1065 4190 lieri
1066 4154 1120 4190 non
1139 4145 1257 4205 poterat3
1276 4149 1330 4187 non
1354 4137 1428 4188 enim

321 4206 411 4268 torna
429 4216 475 4264 aut
492 4209 608 4278 inspice
627 4210 738 4282 quadam
756 4211 940 4266 circumscribi
962 4212 1027 4266 deus
1048 4219 1146 4284 potest.
1171 4208 1255 4264 iacies
1275 4208 1345 4262 enim
1365 4223 1427 4262 mea
