3184 5100
347 406 424 487 ooo
487 400 510 475 .‘
621 400 913 488 ‘'mcmnom
943 414 1173 487 comeatu

346 578 397 646 ’διὸ
415 573 525 666 scipsos
544 573 656 664 αότόν,
678 579 774 664 θεόν,
796 584 929 663 δίκαιον,
951 578 1098 665 ἰσχυράν,
1120 573 1339 662 μανρόθνμαν,
1367 575 1452 661 ὀλη-

344 680 457 763 assos,
493 682 666 767 έλεήμονα,
691 683 745 751 soi
765 684 805 747 τά
829 680 1053 767 παραπλήσια,
1074 676 1292 763 πολνωνόμας
1312 668 1332 763 ii
1355 680 1389 745 εό
1413 704 1450 763 γε

346 781 571 867 ἀκριβέστερον
590 784 691 852 εἰπεῖν
710 781 925 868 ὀεερανόμως,
945 780 1211 864 ιιιιτονομάζομεν.
1235 781 1237 789 '
1262 777 1303 847 τά
1328 782 1363 845 δὲ
1384 804 1450 845 τοι-

304 894 307 898 ’
345 886 427 947 αὕτα
464 880 607 964 ὀνόματα
639 887 730 951 θέσει
762 882 887 961 πάντως
916 886 979 950 εἰσί
1011 886 1065 948 καί
1086 877 1124 946 oo'
1147 878 1257 969 φάσει,
1293 880 1335 957 nic
1356 879 1449 965 ἡμεῖς

279 983 606 1065 ιθπροδεδεήςαμεν.
651 986 705 1049 καί
732 983 749 1049 ὀ
779 987 878 1067 μέγας
906 985 1032 1069 άλλαχή
1056 987 1154 1070 φησίν
1172 974 1366 1057 Ἀὀανάσιος
1399 977 1476 1047 irco

224 1083 401 1147 aldilasiae*
418 1081 451 1146 τό
474 1083 554 1150 θεόν
578 1080 660 1151 εἶναι
684 1086 832 1169 δεότερόν
858 1089 927 1151 ε’σει
962 1086 1014 1167 τής
1034 1085 1174 1170 φάσεως.
1232 1082 1287 1147 καὶ
1311 1078 1326 1145 ὀ
1348 1084 1449 1166 μέγας

345 1184 379 1246 έν
409 1187 556 1273 θεολογιη
590 1189 619 1251 Γ
618 1183 765 1270 ρηγόριος
794 1179 844 1251 dn
875 1185 914 1249 ου’
946 1180 1044 1270 φάσις
1064 1188 1130 1272 &arpi
1159 1179 1178 1267 ή
1209 1179 1367 1269 ὀπλότης·
1410 1180 1444 1249 τά

330 1275 403 1364 Ιμέν
423 1284 485 1367 γάρ
507 1285 564 1367 τήν
582 1284 737 1371 θεατινήν
755 1287 856 1352 αότοό
876 1287 1056 1371 παρίστησι·
1065 1285 1216 1367 δύναμιν,
1239 1284 1272 1351 τό
1290 1286 1324 1349 δὲ
1342 1281 1379 1347 τό
1400 1283 1446 1365 μή

344 1379 424 1449 εἶναι
443 1383 604 1451 adversos.
647 1389 704 1452 ναό
724 1384 832 1462 άπλιός
853 1388 952 1451 εἰπεῖν
973 1389 1067 1453 οόδὲν
1086 1390 1149 1452 raia
1170 1382 1334 1467 ὀνομάτων
1357 1386 1446 1450 έστίν

346 1479 364 1546 ὀ
385 1483 430 1567 μή
455 1483 603 1568 δεδτερόν
617 1488 685 1552 ὀστι
707 1491 762 1571 εής
781 1488 872 1565 θείας
888 1485 1025 1572 φάσεως.
1067 1490 1357 1572 περιγεγραμμένος
1379 1482 1442 1567 γάρ
1457 1496 1492 1551 10

282 1601 285 1605 ’
344 1609 392 1660 τις
411 1579 486 1667 ὀρος
507 1588 618 1661 σόσιάς
641 1591 697 1653 καί
717 1584 846 1673 φάσεως
866 1592 985 1670 γίνεται
1005 1582 1158 1671 τοόνομα,
1182 1583 1200 1670 ’l
1218 1589 1248 1650 δ’
1268 1586 1447 1670 ὀπερέγρα-

345 1709 422 1761 στος
443 1684 547 1781 ένεόνη
570 1688 669 1773 φάσις
688 1698 903 1775 περιγραφαῖς
937 1688 1099 1770 ὀνομάτων
1125 1684 1291 1753 δουλεύειν
1323 1686 1363 1749 oc’
1383 1685 1444 1749 dri-

278 1803 449 1854 toaorot.
492 1786 548 1851 soi
567 1792 600 1853 ὀν
621 1783 718 1877 ἑτέρην
739 1788 807 1855 δ’ὁ
840 1793 926 1867 deinc
956 1790 1136 1856 Ννσσαέων
1162 1790 1192 1853 Γ
1191 1785 1338 1872 ρηγόριος
1369 1788 1446 1867 περό

256 1911 283 1947 ⁸
344 1893 406 1955 sois
439 1888 545 1953 αότιόν
575 1887 741 1970 ὀνομάτων
769 1883 853 1955 oriam
890 1896 998 1975 φησιν.
1045 1889 1098 1955 “al
1126 1891 1345 1973 προϋφέστηκε
1380 1889 1444 1951 τοῖν

344 1988 510 2074 ἐνεργειῶν
530 1988 549 2073 ή
573 1990 682 2071 οόσόα,
703 1993 838 2072 νοοῦμεν
860 1991 896 2055 δὲ
927 1984 983 2065 τάς
1004 1990 1163 2073 ὀνεργεέας
1189 1990 1230 2051 δι’
1251 1976 1296 2051 oia
1320 1987 1443 2052 aloda·
1455 2008 1489 2061 15

343 2089 478 2170 tripallo,
498 2075 624 2174 ῥήμασι
644 2094 680 2156 δέ
702 2083 788 2167 ὅπως
807 2082 847 2156 άν
867 2083 890 2178 ᾖ
912 2091 1052 2160 δυνατὸν
1068 2092 1302 2173 ἐξαγγέλλομεν,
1324 2091 1373 2163 τις
1393 2084 1442 2153 ἔτι

343 2195 568 2257 καταλείπεται
588 2190 690 2277 φόβος
711 2190 850 2275 νειόεερα
869 2196 931 2259 τοῖν
951 2192 1145 2276 πραγμάτων
1168 2188 1208 2253 τά
1229 2185 1367 2272 ὀνόματα
1389 2191 1444 2254 λε’-

342 2314 428 2374 γειν;
448 2293 479 2357 εἰ
494 2281 555 2376 γάρ
575 2291 620 2375 μή
646 2294 799 2377 πρότερον
822 2286 1034 2379 ἓρμηνεάσμέν
1055 2317 1086 2359 τι
1109 2294 1172 2356 τάν
1192 2290 1267 2376 περὶ
1285 2295 1365 2355 θεοῦ
1386 2298 1467 2355 λε-·

342 2396 482 2474 γομένων
504 2397 580 2476 πρόν
602 2389 644 2458 άν
663 2394 835 2481 νοήσωμεν,
858 2398 981 2475 νοοῖμεν
1011 2394 1046 2457 δὲ
1067 2394 1108 2457 δι’
1133 2385 1178 2457 οἷν
1211 2396 1246 2457 εἰι
1266 2394 1330 2457 τῶν
1351 2393 1441 2476 ε’νερ.

342 2494 436 2575 γιιιόν
458 2491 696 2579 διδασκόμεθα,
725 2498 946 2583 προϋφέστηκε
969 2497 1003 2559 δὲ
1035 2497 1091 2579 τής
1116 2492 1274 2578 ἐνεργείας
1297 2488 1315 2578 ή
1339 2490 1489 2562 δήια-20
1517 2496 1518 2551 l

343 2617 408 2674 μις,
433 2593 453 2676 ή
485 2597 522 2658 δὲ
552 2591 687 2678 δόναμις
717 2595 884 2682 ἐξήρτηται
911 2599 967 2662 τοῦ
997 2601 1090 2662 θειόα
1122 2593 1323 2679 θελήματος,
1346 2593 1382 2658 τὸ
1406 2599 1442 2660 δὲ
1516 2601 1517 2641 l

341 2693 489 2780 βούλημα
509 2697 545 2761 έν
569 2701 608 2783 τῇ
629 2701 759 2786 ὀξοασόρι
786 2702 841 2782 τής
862 2703 955 2776 θειάς
975 2696 1140 2765 ὀπόιιειται
1161 2686 1306 2784 φόσόως,
1327 2687 1378 2782 eip'
1402 2695 1442 2760 oo’
1515 2711 1516 2724 ¹

345 2981 410 3036 uino
429 2982 630 3052 cogitationem.
667 2985 839 3054 quamobrem
859 2985 992 3039 dominum
1012 3001 1090 3050 eum,
1109 2984 1197 3050 deum,
1216 2985 1323 3050 iustum,
1341 2989 1439 3052 poten.

343 3062 407 3118 tem,
425 3053 603 3122 elementem,
622 3071 726 3122 verum,
745 3059 955 3124 misericordem,
974 3057 1091 3126 taliaque
1110 3057 1211 3122 multis,
1230 3057 1299 3120 sive,
1320 3057 1347 3108 id
1369 3057 1440 3124 quod

314 3163 316 3166 ψ
344 3127 493 3178 accuratius
527 3128 638 3194 dicitur,
674 3129 736 3182 aliis
765 3131 916 3182 nominibus
945 3145 1079 3182 vocamus.
1123 3127 1187 3181 talia
1219 3136 1306 3180 autem
1332 3130 1440 3180 nomina
1508 3089 1511 3267 ή

344 3199 451 3248 omniuo
470 3201 664 3266 compositione
682 3217 771 3270 neque
790 3217 855 3254 vero
869 3209 961 3253 natura
981 3209 1042 3254 sunt
1060 3201 1145 3254 iacta:
1164 3200 1233 3268 quod
1254 3214 1334 3266 supra
1353 3214 1368 3250 a
1386 3215 1439 3252 no.

341 3268 609 3324 bisfdemonstratum
629 3280 678 3324 est.
716 3281 743 3326 et
760 3273 825 3326 alibi
844 3273 1005 3326 Athanasius
1030 3287 1141 3340 maguus
1162 3273 1209 3335 uit,
1229 3265 1259 3324 τό
1281 3271 1357 3322 deum
1378 3287 1439 3322 esse

341 3342 486 3394 seeundum
508 3350 550 3394 est
567 3358 583 3393 a
600 3352 704 3396 natura.
742 3353 770 3396 et
787 3361 898 3414 magnus
927 3346 954 3395 in
973 3344 1052 3396 rebus
1071 3345 1169 3396 divinis
1190 3343 1349 3411 quaerendis
1369 3343 1438 3396 (iro.

342 3413 455 3479 gorius:
480 3414 637 3480 simplicitas
665 3415 715 3467 deo
734 3431 788 3468 uon
809 3425 851 3468 est
871 3425 984 3480 ποιησει,
1010 3414 1122 3468 alterum
1151 3416 1220 3466 enim
1247 3414 1275 3465 iu
1296 3429 1327 3466 eo
1347 3416 1439 3466 statuit

341 3483 396 3534 uim
415 3482 535 3548 videndi,
554 3485 639 3538 altera
658 3500 713 3538 nou
732 3503 792 3540 esse
821 3492 930 3557 (unum)
952 3488 1133 3553 compositum.
1179 3495 1260 3554 atque
1279 3500 1333 3538 uuo
1352 3485 1437 3537 verbo

339 3553 443 3608 nullum
463 3571 560 3608 nomen
580 3559 710 3626 estquod
729 3574 783 3610 uon
804 3560 947 3612 seeundum
976 3560 1010 3610 sit
1028 3573 1043 3608 a
1061 3566 1155 3609 natura
1172 3557 1271 3610 divina.
1321 3558 1438 3608 circum.

340 3627 455 3691 scriptus
476 3629 543 3679 enirn
571 3629 762 3697 quodammodo
782 3631 843 3682 linis
869 3631 1002 3682 essentiae
1022 3637 1049 3679 et
1072 3637 1183 3680 naturae
1200 3636 1241 3680 est
1258 3643 1370 3680 nomen:
1391 3628 1438 3679 illa

341 3705 429 3750 autem
447 3715 502 3752 non
515 3700 718 3768 circumscripta
735 3710 829 3754 natura
848 3700 1138 3767 circumscriptionibus
1151 3700 1285 3752 nominum
1305 3700 1438 3750 inservire

342 3781 395 3818 nou
419 3779 517 3835 potest.
545 3771 644 3823 etalio
664 3773 727 3826 loco
757 3774 863 3825 divinus
887 3773 1031 3842 Gregorius
1057 3771 1190 3838 llyssaeus
1220 3771 1253 3822 de
1272 3771 1366 3830 iisdem
1385 3786 1437 3822 uo.

341 3838 456 3894 minibus
475 3841 635 3894 haecdicit.
673 3845 695 3900 si
720 3845 794 3910 prior
813 3845 965 3895 efficientiis
987 3850 1043 3894 erat
1063 3843 1189 3908 essentia,
1210 3842 1368 3894 efficientias
1388 3857 1437 3892 au.

342 3914 396 3958 tarn
416 3927 460 3963 eas
479 3913 666 3980 intelligimus,
686 3930 751 3982 quas
770 3916 1012 3978 animadvertimus,
1033 3913 1080 3966 has
1098 3922 1195 3978 autem,
1216 3921 1346 3984 quatenus
1363 3911 1436 3977 licet,

345 3980 435 4032 verbis
456 3984 638 4050 enunciamus,
660 3989 706 4054 qui
726 3989 778 4040 iam
798 3985 958 4054 relinquitur
977 3987 1065 4050 timor,
1084 4002 1131 4037 cur
1149 4000 1203 4036 uon
1223 3985 1373 4052 posteriora
1391 4001 1437 4035 re..

305 4118 309 4122 .
342 4048 392 4101 bus
418 4054 527 4104 nomina
550 4055 688 4109 dicamus?
737 4059 834 4110 etenim
859 4060 882 4110 si
911 4072 964 4108 non
996 4059 1074 4110 nute‘a
1107 4057 1269 4124 explicamus
1296 4056 1437 4122 quidquam

344 4135 446 4189 eorum,
466 4141 534 4192 quae
553 4127 586 4178 de
605 4129 655 4180 deo
674 4130 807 4194 dicuntur,
832 4145 908 4198 quam
928 4127 1120 4196 intelligamus,
1141 4143 1174 4179 cx
1194 4128 1227 4178 iis
1246 4134 1334 4178 autern
1352 4127 1437 4178 intel.

341 4191 460 4262 ligimus,
483 4212 551 4264 quae
570 4214 605 4250 ex
623 4199 777 4253 efficientiis
803 4202 1005 4270 cognoscimus,
1035 4199 1180 4264 elliqientia
1193 4206 1285 4248 autem
1303 4197 1378 4264 prior
1397 4205 1439 4249 est

339 4265 391 4330 ris,
412 4268 456 4320 vis
475 4277 563 4320 auum
581 4271 681 4336 pendet
700 4288 733 4324 ex
751 4272 892 4326 voluntate
911 4273 1016 4335 diviua,
1045 4271 1170 4325 voluntas
1191 4277 1279 4321 autem
1298 4270 1326 4319 in
1346 4267 1435 4320 facul.

337 4341 392 4392 tata
410 4338 518 4396 diuinae
539 4343 629 4412 posits
655 4351 696 4399 cst
713 4351 835 4414 naturae,
853 4357 944 4413 nonne
965 4351 1058 4412 aperta
1077 4341 1280 4416 cognoscimus,
1298 4341 1431 4398 accedero
