<?xml version="1.0" encoding="UTF-8"?>
<!DOCTYPE html PUBLIC "-//W3C//DTD XHTML 1.0 Transitional//EN"
    "http://www.w3.org/TR/xhtml1/DTD/xhtml1-transitional.dtd">
<html xmlns="http://www.w3.org/1999/xhtml" xml:lang="en" lang="en">
 <head>
  <title>
</title>
<meta http-equiv="Content-Type" content="text/html;charset=utf-8" />
  <meta name='ocr-system' content='tesseract 3.04.00' />
  <meta name='ocr-capabilities' content='ocr_page ocr_carea ocr_par ocr_line ocrx_word'/>
</head>
<body>
  <div class='ocr_page' id='page_1' title='image "./nicephorigregor04schogoog_0268.png"; bbox 0 0 3184 5100; ppageno 0'>
   <div class='ocr_carea' id='block_1_1' title="bbox 161 336 1356 503">
    <p class='ocr_par' dir='ltr' id='par_1_1' title="bbox 161 336 1356 503">
     <span class='ocr_line' id='line_1_1' title="bbox 161 336 1356 503; baseline 0.007 -33"><span class='ocrx_word' id='word_1_1' title='bbox 161 492 164 503; x_wconf 26' lang='grc' dir='ltr'>Ι</span> <span class='ocrx_word' id='word_1_2' title='bbox 223 442 229 451; x_wconf 88' lang='grc'>-</span> <span class='ocrx_word' id='word_1_3' title='bbox 271 399 495 471; x_wconf 76' lang='grc' dir='ltr'><strong><em>Ηιεεοαιλο</em></strong></span> <span class='ocrx_word' id='word_1_4' title='bbox 516 400 778 473; x_wconf 78' lang='lat' dir='ltr'><strong>urmurmsn</strong></span> <span class='ocrx_word' id='word_1_5' title='bbox 793 408 902 472; x_wconf 74' lang='lat' dir='ltr'><strong>xxix.</strong></span> <span class='ocrx_word' id='word_1_6' title='bbox 924 388 1112 476; x_wconf 78' lang='lat' dir='ltr'><strong>tt-ts.</strong></span> <span class='ocrx_word' id='word_1_7' title='bbox 1173 402 1251 477; x_wconf 73' lang='lat' dir='ltr'><strong>stt</strong></span> <span class='ocrx_word' id='word_1_8' title='bbox 1350 336 1356 349; x_wconf 21' lang='lat'><strong><em>¹</em></strong></span> 
     </span>
    </p>
   </div>
   <div class='ocr_carea' id='block_1_2' title="bbox 93 556 1433 2566">
    <p class='ocr_par' dir='ltr' id='par_1_2' title="bbox 141 556 1249 943">
     <span class='ocr_line' id='line_1_2' title="bbox 141 556 1249 645; baseline 0.005 -21"><span class='ocrx_word' id='word_1_9' title='bbox 141 556 201 642; x_wconf 71' lang='grc' dir='ltr'><strong><em>τὴν</em></strong></span> <span class='ocrx_word' id='word_1_10' title='bbox 219 562 335 641; x_wconf 71' lang='grc' dir='ltr'><strong><em>γνῶσιν</em></strong></span> <span class='ocrx_word' id='word_1_11' title='bbox 354 558 527 643; x_wconf 77' lang='grc' dir='ltr'><strong><em>ἤρύοαντο,</em></strong></span> <span class='ocrx_word' id='word_1_12' title='bbox 552 565 607 625; x_wconf 83' lang='grc' dir='ltr'><strong>καί</strong></span> <span class='ocrx_word' id='word_1_13' title='bbox 626 564 679 645; x_wconf 82' lang='grc' dir='ltr'><strong>τῆς</strong></span> <span class='ocrx_word' id='word_1_14' title='bbox 700 584 734 643; x_wconf 87' lang='grc' dir='ltr'><strong>γε</strong></span> <span class='ocrx_word' id='word_1_15' title='bbox 758 564 819 627; x_wconf 79' lang='grc' dir='ltr'><strong><em>ταῖν</em></strong></span> <span class='ocrx_word' id='word_1_16' title='bbox 840 562 991 627; x_wconf 86' lang='grc' dir='ltr'><strong><em>ποικιλων</em></strong></span> <span class='ocrx_word' id='word_1_17' title='bbox 1009 566 1068 629; x_wconf 83' lang='grc' dir='ltr'><strong><em>καί·</em></strong></span> <span class='ocrx_word' id='word_1_18' title='bbox 1087 566 1249 631; x_wconf 83' lang='grc' dir='ltr'><strong><em>παντοδα-</em></strong></span> 
     </span>
     <span class='ocr_line' id='line_1_3' title="bbox 142 656 1246 749; baseline 0.005 -26"><span class='ocrx_word' id='word_1_19' title='bbox 142 662 211 725; x_wconf 79' lang='grc' dir='ltr'><strong><em>παῖν</em></strong></span> <span class='ocrx_word' id='word_1_20' title='bbox 232 658 430 744; x_wconf 79' lang='grc' dir='ltr'><strong><em>πραγμάτων</em></strong></span> <span class='ocrx_word' id='word_1_21' title='bbox 450 685 482 726; x_wconf 87' lang='grc' dir='ltr'><strong>τε</strong></span> <span class='ocrx_word' id='word_1_22' title='bbox 503 659 558 725; x_wconf 87' lang='grc' dir='ltr'><strong>καί</strong></span> <span class='ocrx_word' id='word_1_23' title='bbox 571 661 669 744; x_wconf 81' lang='grc' dir='ltr'><strong><em>λόγων</em></strong></span> <span class='ocrx_word' id='word_1_24' title='bbox 686 664 904 745; x_wconf 79' lang='grc' dir='ltr'><strong><em>διδασκαλίας,</em></strong></span> <span class='ocrx_word' id='word_1_25' title='bbox 929 656 1001 729; x_wconf 82' lang='grc' dir='ltr'><strong><em>ὅσον</em></strong></span> <span class='ocrx_word' id='word_1_26' title='bbox 1025 661 1164 749; x_wconf 80' lang='grc' dir='ltr'><strong><em>ἐφικτόν,</em></strong></span> <span class='ocrx_word' id='word_1_27' title='bbox 1187 663 1246 741; x_wconf 77' lang='grc' dir='ltr'><strong>τοὶς</strong></span> 
     </span>
     <span class='ocr_line' id='line_1_4' title="bbox 142 756 1247 851; baseline 0.005 -26"><span class='ocrx_word' id='word_1_28' title='bbox 142 761 294 846; x_wconf 84' lang='grc' dir='ltr'><strong><em>α’φορμοὶς</em></strong></span> <span class='ocrx_word' id='word_1_29' title='bbox 316 760 537 848; x_wconf 72' lang='grc' dir='ltr'><strong><em>ἀνειλήφεσαν.</em></strong></span> <span class='ocrx_word' id='word_1_30' title='bbox 591 756 665 831; x_wconf 87' lang='grc' dir='ltr'><strong><em>εἶεν.</em></strong></span> <span class='ocrx_word' id='word_1_31' title='bbox 686 761 747 847; x_wconf 81' lang='grc' dir='ltr'><strong><em>ε’γοδ</em></strong></span> <span class='ocrx_word' id='word_1_32' title='bbox 778 766 809 827; x_wconf 87' lang='grc' dir='ltr'><strong>δ’</strong></span> <span class='ocrx_word' id='word_1_33' title='bbox 831 768 877 840; x_wconf 84' lang='grc' dir='ltr'><strong>εἰς</strong></span> <span class='ocrx_word' id='word_1_34' title='bbox 897 762 950 829; x_wconf 82' lang='grc' dir='ltr'><strong><em>τὸν</em></strong></span> <span class='ocrx_word' id='word_1_35' title='bbox 970 762 1079 851; x_wconf 78' lang='grc' dir='ltr'><strong><em>εἱρμὸν</em></strong></span> <span class='ocrx_word' id='word_1_36' title='bbox 1099 766 1247 849; x_wconf 74' lang='grc' dir='ltr'><strong>ἐπάνειμι</strong></span> 
     </span>
     <span class='ocr_line' id='line_1_5' title="bbox 143 861 326 943; baseline 0.005 -18"><span class='ocrx_word' id='word_1_37' title='bbox 143 864 200 925; x_wconf 80' lang='grc' dir='ltr'><strong>τοῦ</strong></span> <span class='ocrx_word' id='word_1_38' title='bbox 222 861 326 943; x_wconf 82' lang='grc' dir='ltr'><strong><em>λόγου.</em></strong></span> 
     </span>
    </p>

    <p class='ocr_par' dir='ltr' id='par_1_3' title="bbox 110 953 1433 1459">
     <span class='ocr_line' id='line_1_6' title="bbox 110 953 1433 1059; baseline 0.004 -30"><span class='ocrx_word' id='word_1_39' title='bbox 110 979 129 1029; x_wconf 88' lang='lat'><strong>5</strong></span> <span class='ocrx_word' id='word_1_40' title='bbox 237 962 273 1027; x_wconf 92' lang='grc' dir='ltr'>Ὁ</span> <span class='ocrx_word' id='word_1_41' title='bbox 303 962 364 1045; x_wconf 77' lang='grc' dir='ltr'><strong>γάρ</strong></span> <span class='ocrx_word' id='word_1_42' title='bbox 389 987 438 1026; x_wconf 87' lang='grc' dir='ltr'><strong><em>τοι</em></strong></span> <span class='ocrx_word' id='word_1_43' title='bbox 470 953 731 1049; x_wconf 75' lang='grc' dir='ltr'><strong><em>παίριαρχειῖσος</em></strong></span> <span class='ocrx_word' id='word_1_44' title='bbox 758 963 936 1043; x_wconf 79' lang='grc' dir='ltr'><strong><em>Κάλλιστος</em></strong></span> <span class='ocrx_word' id='word_1_45' title='bbox 957 966 1037 1049; x_wconf 81' lang='grc' dir='ltr'><strong><em>μετὰ</em></strong></span> <span class='ocrx_word' id='word_1_46' title='bbox 1065 967 1120 1053; x_wconf 78' lang='grc' dir='ltr'><strong><em>τὴν</em></strong></span> <span class='ocrx_word' id='word_1_47' title='bbox 1144 966 1316 1051; x_wconf 63' lang='grc' dir='ltr'><strong>αδτοδίίΙΙ</strong></span> <span class='ocrx_word' id='word_1_48' title='bbox 1431 1050 1433 1059; x_wconf 14' lang='lat' dir='ltr'>x</span> 
     </span>
     <span class='ocr_line' id='line_1_7' title="bbox 141 1055 1374 1154; baseline 0.008 -27"><span class='ocrx_word' id='word_1_49' title='bbox 141 1063 333 1147; x_wconf 69' lang='grc' dir='ltr'><strong><em>καθαίρεσιν</em></strong></span> <span class='ocrx_word' id='word_1_50' title='bbox 356 1063 411 1127; x_wconf 86' lang='grc' dir='ltr'><strong>καί</strong></span> <span class='ocrx_word' id='word_1_51' title='bbox 431 1064 486 1129; x_wconf 82' lang='grc' dir='ltr'><strong><em>τὸν</em></strong></span> <span class='ocrx_word' id='word_1_52' title='bbox 506 1069 551 1140; x_wconf 83' lang='grc' dir='ltr'><strong>είς</strong></span> <span class='ocrx_word' id='word_1_53' title='bbox 573 1055 610 1129; x_wconf 87' lang='grc' dir='ltr'><strong>τδ</strong></span> <span class='ocrx_word' id='word_1_54' title='bbox 633 1066 860 1149; x_wconf 82' lang='grc' dir='ltr'><strong><em>γαλατοίνυμον</em></strong></span> <span class='ocrx_word' id='word_1_55' title='bbox 884 1068 1038 1153; x_wconf 77' lang='grc' dir='ltr'><strong><em>φρούριον</em></strong></span> <span class='ocrx_word' id='word_1_56' title='bbox 1055 1071 1118 1133; x_wconf 72' lang='grc' dir='ltr'><strong><em>τοῖν</em></strong></span> <span class='ocrx_word' id='word_1_57' title='bbox 1139 1074 1277 1151; x_wconf 75' lang='lat' dir='ltr'><strong>Auri-f,</strong></span> <span class='ocrx_word' id='word_1_58' title='bbox 1291 1092 1374 1154; x_wconf 66' lang='lat'><strong>1291,</strong></span> 
     </span>
     <span class='ocr_line' id='line_1_8' title="bbox 146 1163 1247 1255; baseline 0.007 -26"><span class='ocrx_word' id='word_1_59' title='bbox 146 1190 209 1230; x_wconf 88' lang='grc' dir='ltr'><strong>νων</strong></span> <span class='ocrx_word' id='word_1_60' title='bbox 230 1169 387 1249; x_wconf 75' lang='grc' dir='ltr'><strong><em>λαθραῖον</em></strong></span> <span class='ocrx_word' id='word_1_61' title='bbox 403 1163 548 1249; x_wconf 80' lang='grc' dir='ltr'><strong><em>δρασμὸν</em></strong></span> <span class='ocrx_word' id='word_1_62' title='bbox 570 1170 698 1250; x_wconf 76' lang='grc' dir='ltr'><strong><em>ἐκεῖνον,</em></strong></span> <span class='ocrx_word' id='word_1_63' title='bbox 720 1172 834 1252; x_wconf 81' lang='grc' dir='ltr'><strong><em>καιροῦ</em></strong></span> <span class='ocrx_word' id='word_1_64' title='bbox 855 1168 934 1249; x_wconf 76' lang='grc' dir='ltr'><strong><em>μετὰ</em></strong></span> <span class='ocrx_word' id='word_1_65' title='bbox 955 1168 1072 1255; x_wconf 84' lang='grc' dir='ltr'><strong><em>χρόνον</em></strong></span> <span class='ocrx_word' id='word_1_66' title='bbox 1093 1170 1162 1236; x_wconf 76' lang='grc' dir='ltr'><strong><em>τινοὶ</em></strong></span> <span class='ocrx_word' id='word_1_67' title='bbox 1186 1198 1247 1237; x_wconf 85' lang='grc' dir='ltr'><strong>τυ-</strong></span> 
     </span>
     <span class='ocr_line' id='line_1_9' title="bbox 140 1267 1248 1358; baseline 0.011 -27"><span class='ocrx_word' id='word_1_68' title='bbox 140 1268 209 1351; x_wconf 58' lang='lat' dir='ltr'><strong>guis</strong></span> <span class='ocrx_word' id='word_1_69' title='bbox 229 1268 335 1354; x_wconf 80' lang='grc' dir='ltr'><strong><em>λδθρηι</em></strong></span> <span class='ocrx_word' id='word_1_70' title='bbox 356 1270 504 1332; x_wconf 84' lang='grc' dir='ltr'><strong><em>κοῖκεῖθεν</em></strong></span> <span class='ocrx_word' id='word_1_71' title='bbox 524 1267 608 1358; x_wconf 71' lang='grc' dir='ltr'><strong><em>ἐξῄει</em></strong></span> <span class='ocrx_word' id='word_1_72' title='bbox 624 1270 681 1335; x_wconf 81' lang='grc' dir='ltr'><strong>καί</strong></span> <span class='ocrx_word' id='word_1_73' title='bbox 700 1274 732 1346; x_wconf 74' lang='grc' dir='ltr'><strong>ἐς</strong></span> <span class='ocrx_word' id='word_1_74' title='bbox 747 1274 878 1336; x_wconf 78' lang='grc' dir='ltr'><strong><em>Τένεδον</em></strong></span> <span class='ocrx_word' id='word_1_75' title='bbox 895 1274 1146 1356; x_wconf 77' lang='grc' dir='ltr'><strong><em>κατεπεπλεδκει,</em></strong></span> <span class='ocrx_word' id='word_1_76' title='bbox 1169 1281 1248 1343; x_wconf 88' lang='grc' dir='ltr'><strong>Πα-</strong></span> 
     </span>
     <span class='ocr_line' id='line_1_10' title="bbox 142 1362 1246 1459; baseline 0.008 -26"><span class='ocrx_word' id='word_1_77' title='bbox 142 1367 296 1456; x_wconf 84' lang='grc' dir='ltr'><strong><em>λαιολδγιρ</em></strong></span> <span class='ocrx_word' id='word_1_78' title='bbox 321 1371 365 1455; x_wconf 76' lang='grc' dir='ltr'><strong>τῷ</strong></span> <span class='ocrx_word' id='word_1_79' title='bbox 391 1374 522 1449; x_wconf 79' lang='grc' dir='ltr'><strong><em>βασιλεῖ</em></strong></span> <span class='ocrx_word' id='word_1_80' title='bbox 546 1362 755 1454; x_wconf 84' lang='grc' dir='ltr'><strong><em>χαριζόμενὸς</em></strong></span> <span class='ocrx_word' id='word_1_81' title='bbox 776 1396 810 1437; x_wconf 87' lang='grc' dir='ltr'><strong>τε</strong></span> <span class='ocrx_word' id='word_1_82' title='bbox 838 1372 893 1437; x_wconf 86' lang='grc' dir='ltr'><strong>καί</strong></span> <span class='ocrx_word' id='word_1_83' title='bbox 912 1372 984 1438; x_wconf 83' lang='grc' dir='ltr'><strong><em>οἷντί</em></strong></span> <span class='ocrx_word' id='word_1_84' title='bbox 1007 1374 1114 1459; x_wconf 79' lang='grc' dir='ltr'><strong><em>δαίροο</em></strong></span> <span class='ocrx_word' id='word_1_85' title='bbox 1135 1377 1246 1452; x_wconf 85' lang='grc' dir='ltr'><strong><em>παντὸς</em></strong></span> 
     </span>
    </p>

    <p class='ocr_par' dir='ltr' id='par_1_4' title="bbox 95 1469 1335 1962">
     <span class='ocr_line' id='line_1_11' title="bbox 95 1469 1245 1562; baseline 0.014 -35"><span class='ocrx_word' id='word_1_86' title='bbox 95 1474 131 1527; x_wconf 85' lang='grc'><strong>10</strong></span> <span class='ocrx_word' id='word_1_87' title='bbox 140 1469 176 1535; x_wconf 87' lang='grc' dir='ltr'><strong>τὸ</strong></span> <span class='ocrx_word' id='word_1_88' title='bbox 200 1474 256 1553; x_wconf 81' lang='grc' dir='ltr'><strong>τῆς</strong></span> <span class='ocrx_word' id='word_1_89' title='bbox 278 1472 312 1533; x_wconf 76' lang='grc' dir='ltr'><strong><em>ἐν</em></strong></span> <span class='ocrx_word' id='word_1_90' title='bbox 332 1472 447 1559; x_wconf 83' lang='grc' dir='ltr'><strong><em>καρδίηι</em></strong></span> <span class='ocrx_word' id='word_1_91' title='bbox 472 1475 737 1556; x_wconf 79' lang='grc' dir='ltr'><strong><em>θαλαμευομίνης</em></strong></span> <span class='ocrx_word' id='word_1_92' title='bbox 757 1477 898 1556; x_wconf 84' lang='grc' dir='ltr'><strong><em>σχέσεως</em></strong></span> <span class='ocrx_word' id='word_1_93' title='bbox 918 1476 1056 1555; x_wconf 82' lang='grc' dir='ltr'><strong><em>κομίζων</em></strong></span> <span class='ocrx_word' id='word_1_94' title='bbox 1079 1474 1245 1562; x_wconf 75' lang='grc' dir='ltr'><strong><em>διάπυρον,</em></strong></span> 
     </span>
     <span class='ocr_line' id='line_1_12' title="bbox 140 1568 1335 1661; baseline 0.008 -27"><span class='ocrx_word' id='word_1_95' title='bbox 140 1570 196 1634; x_wconf 79' lang='grc' dir='ltr'><strong><em>τόν</em></strong></span> <span class='ocrx_word' id='word_1_96' title='bbox 214 1568 294 1653; x_wconf 73' lang='grc' dir='ltr'><strong><em>ὑπὲρ</em></strong></span> <span class='ocrx_word' id='word_1_97' title='bbox 318 1569 420 1633; x_wconf 71' lang='grc' dir='ltr'><strong><em>αὐτοῦ</em></strong></span> <span class='ocrx_word' id='word_1_98' title='bbox 442 1571 586 1655; x_wconf 87' lang='grc' dir='ltr'><strong><em>δηλονότι</em></strong></span> <span class='ocrx_word' id='word_1_99' title='bbox 609 1573 701 1655; x_wconf 74' lang='grc' dir='ltr'><strong><em>ζῆλον</em></strong></span> <span class='ocrx_word' id='word_1_100' title='bbox 722 1571 824 1656; x_wconf 86' lang='grc' dir='ltr'><strong><em>ἔργοις</em></strong></span> <span class='ocrx_word' id='word_1_101' title='bbox 844 1575 967 1652; x_wconf 80' lang='grc' dir='ltr'><strong><em>ου’τοῖς,</em></strong></span> <span class='ocrx_word' id='word_1_102' title='bbox 984 1573 1040 1639; x_wconf 80' lang='grc' dir='ltr'><strong>καί</strong></span> <span class='ocrx_word' id='word_1_103' title='bbox 1060 1576 1247 1661; x_wconf 78' lang='grc' dir='ltr'><strong><em>οἶφηγοδμε-</em></strong></span> <span class='ocrx_word' id='word_1_104' title='bbox 1331 1610 1335 1617; x_wconf 91' lang='grc'><em>·</em></span> 
     </span>
     <span class='ocr_line' id='line_1_13' title="bbox 140 1663 1246 1761; baseline 0.01 -28"><span class='ocrx_word' id='word_1_105' title='bbox 140 1694 195 1745; x_wconf 87' lang='grc' dir='ltr'><strong><em>νος</em></strong></span> <span class='ocrx_word' id='word_1_106' title='bbox 216 1663 300 1746; x_wconf 78' lang='grc' dir='ltr'><strong><em>ὅπως</em></strong></span> <span class='ocrx_word' id='word_1_107' title='bbox 321 1667 389 1748; x_wconf 75' lang='grc' dir='ltr'><strong><em>ἐξὸν</em></strong></span> <span class='ocrx_word' id='word_1_108' title='bbox 415 1670 591 1735; x_wconf 76' lang='grc' dir='ltr'><strong><em>α’πολαιὶειν</em></strong></span> <span class='ocrx_word' id='word_1_109' title='bbox 611 1677 668 1756; x_wconf 76' lang='grc' dir='ltr'><strong>τῆς</strong></span> <span class='ocrx_word' id='word_1_110' title='bbox 689 1676 922 1757; x_wconf 81' lang='grc' dir='ltr'><strong><em>πατριαρχικῆς</em></strong></span> <span class='ocrx_word' id='word_1_111' title='bbox 935 1672 1080 1751; x_wconf 78' lang='grc' dir='ltr'><strong><em>ἔξουσίας</em></strong></span> <span class='ocrx_word' id='word_1_112' title='bbox 1100 1677 1155 1741; x_wconf 81' lang='grc' dir='ltr'><strong>καί</strong></span> <span class='ocrx_word' id='word_1_113' title='bbox 1176 1675 1246 1761; x_wconf 76' lang='grc' dir='ltr'><strong>ἅμα</strong></span> 
     </span>
     <span class='ocr_line' id='line_1_14' title="bbox 140 1766 1246 1859; baseline 0.006 -25"><span class='ocrx_word' id='word_1_114' title='bbox 140 1774 197 1854; x_wconf 75' lang='grc' dir='ltr'><strong>τῆς</strong></span> <span class='ocrx_word' id='word_1_115' title='bbox 220 1772 489 1854; x_wconf 85' lang='grc' dir='ltr'><strong><em>Καντακουζηνοῦ</em></strong></span> <span class='ocrx_word' id='word_1_116' title='bbox 519 1766 743 1852; x_wconf 77' lang='grc' dir='ltr'><strong><em>βασιλεύοντος</em></strong></span> <span class='ocrx_word' id='word_1_117' title='bbox 777 1776 939 1853; x_wconf 73' lang='grc' dir='ltr'><strong><em>εὐμενείας</em></strong></span> <span class='ocrx_word' id='word_1_118' title='bbox 968 1772 1023 1839; x_wconf 87' lang='grc' dir='ltr'><strong>καί</strong></span> <span class='ocrx_word' id='word_1_119' title='bbox 1048 1776 1246 1859; x_wconf 68' lang='grc' dir='ltr'><strong><em>εὐεργέτιδος</em></strong></span> 
     </span>
     <span class='ocr_line' id='line_1_15' title="bbox 139 1870 1250 1962; baseline 0.006 -28"><span class='ocrx_word' id='word_1_120' title='bbox 139 1871 276 1956; x_wconf 74' lang='grc' dir='ltr'><strong><em>γνώμης,</em></strong></span> <span class='ocrx_word' id='word_1_121' title='bbox 300 1873 496 1952; x_wconf 62' lang='lat' dir='ltr'><strong>sitanstetn</strong></span> <span class='ocrx_word' id='word_1_122' title='bbox 521 1881 679 1937; x_wconf 80' lang='grc' dir='ltr'><strong><em>κοινωνεῖν</em></strong></span> <span class='ocrx_word' id='word_1_123' title='bbox 698 1875 785 1962; x_wconf 79' lang='grc' dir='ltr'><strong><em>ου’τῷ</em></strong></span> <span class='ocrx_word' id='word_1_124' title='bbox 805 1878 861 1958; x_wconf 83' lang='grc' dir='ltr'><strong>τῆς</strong></span> <span class='ocrx_word' id='word_1_125' title='bbox 885 1870 966 1959; x_wconf 69' lang='grc' dir='ltr'><strong><em>ὑπὲρ</em></strong></span> <span class='ocrx_word' id='word_1_126' title='bbox 991 1880 1168 1943; x_wconf 85' lang='grc' dir='ltr'><strong><em>Ματθαίου</em></strong></span> <span class='ocrx_word' id='word_1_127' title='bbox 1191 1880 1250 1943; x_wconf 73' lang='lat' dir='ltr'><strong>rosi</strong></span> 
     </span>
    </p>

    <p class='ocr_par' dir='ltr' id='par_1_5' title="bbox 93 1968 1247 2467">
     <span class='ocr_line' id='line_1_16' title="bbox 93 1968 1247 2060; baseline 0.01 -33"><span class='ocrx_word' id='word_1_128' title='bbox 93 1977 129 2030; x_wconf 90' lang='grc'><strong>15</strong></span> <span class='ocrx_word' id='word_1_129' title='bbox 140 1968 217 2034; x_wconf 78' lang='grc' dir='ltr'><strong><em>υἱοῦ</em></strong></span> <span class='ocrx_word' id='word_1_130' title='bbox 233 1975 397 2060; x_wconf 79' lang='grc' dir='ltr'><strong><em>βασιλικῆς</em></strong></span> <span class='ocrx_word' id='word_1_131' title='bbox 432 1970 648 2056; x_wconf 74' lang='grc' dir='ltr'><strong><em>ἀναρρήσεως,</em></strong></span> <span class='ocrx_word' id='word_1_132' title='bbox 677 1970 695 2035; x_wconf 82' lang='grc' dir='ltr'>ὃ</span> <span class='ocrx_word' id='word_1_133' title='bbox 718 1974 753 2037; x_wconf 79' lang='grc' dir='ltr'><strong>δὲ</strong></span> <span class='ocrx_word' id='word_1_134' title='bbox 775 1971 813 2039; x_wconf 75' lang='grc' dir='ltr'><strong>τοὶ</strong></span> <span class='ocrx_word' id='word_1_135' title='bbox 838 1971 957 2056; x_wconf 79' lang='grc' dir='ltr'><strong><em>ἔσχατα</em></strong></span> <span class='ocrx_word' id='word_1_136' title='bbox 980 1972 1116 2058; x_wconf 83' lang='grc' dir='ltr'><strong><em>πιίσχειν</em></strong></span> <span class='ocrx_word' id='word_1_137' title='bbox 1135 1979 1247 2057; x_wconf 78' lang='grc' dir='ltr'><strong><em>εἵλετο,</em></strong></span> 
     </span>
     <span class='ocr_line' id='line_1_17' title="bbox 140 2062 1247 2160; baseline 0.005 -23"><span class='ocrx_word' id='word_1_138' title='bbox 140 2075 203 2137; x_wconf 78' lang='grc' dir='ltr'><strong><em>τῶν</em></strong></span> <span class='ocrx_word' id='word_1_139' title='bbox 222 2069 376 2160; x_wconf 74' lang='grc' dir='ltr'><strong><em>πατρῴων</em></strong></span> <span class='ocrx_word' id='word_1_140' title='bbox 399 2071 659 2156; x_wconf 77' lang='grc' dir='ltr'><strong><em>α’ντιποιοδμενος</em></strong></span> <span class='ocrx_word' id='word_1_141' title='bbox 681 2074 783 2139; x_wconf 78' lang='grc' dir='ltr'><strong><em>ου’τοῦ</em></strong></span> <span class='ocrx_word' id='word_1_142' title='bbox 805 2078 946 2141; x_wconf 86' lang='grc' dir='ltr'><strong><em>δικαίων.</em></strong></span> <span class='ocrx_word' id='word_1_143' title='bbox 991 2077 1045 2141; x_wconf 87' lang='grc' dir='ltr'><strong>καί</strong></span> <span class='ocrx_word' id='word_1_144' title='bbox 1063 2078 1093 2139; x_wconf 84' lang='grc' dir='ltr'><strong>εἰ</strong></span> <span class='ocrx_word' id='word_1_145' title='bbox 1114 2074 1158 2160; x_wconf 77' lang='grc' dir='ltr'><strong>μη</strong></span> <span class='ocrx_word' id='word_1_146' title='bbox 1184 2062 1247 2142; x_wconf 51' lang='grc' dir='ltr'><strong><em>λα’-</em></strong></span> 
     </span>
     <span class='ocr_line' id='line_1_18' title="bbox 139 2168 1246 2264; baseline 0.004 -25"><span class='ocrx_word' id='word_1_147' title='bbox 139 2180 243 2262; x_wconf 79' lang='grc' dir='ltr'><strong><em>θραίρι</em></strong></span> <span class='ocrx_word' id='word_1_148' title='bbox 263 2179 350 2262; x_wconf 80' lang='grc' dir='ltr'><strong><em>φυγῇ</em></strong></span> <span class='ocrx_word' id='word_1_149' title='bbox 362 2171 419 2258; x_wconf 80' lang='grc' dir='ltr'><strong><em>τήν</em></strong></span> <span class='ocrx_word' id='word_1_150' title='bbox 433 2180 594 2259; x_wconf 76' lang='grc' dir='ltr'><strong><em>σωτηρίαν</em></strong></span> <span class='ocrx_word' id='word_1_151' title='bbox 614 2173 759 2258; x_wconf 85' lang='grc' dir='ltr'><strong><em>ε’πόριζεν</em></strong></span> <span class='ocrx_word' id='word_1_152' title='bbox 780 2170 895 2262; x_wconf 71' lang='grc' dir='ltr'><strong><em>ἑαυτῷ,</em></strong></span> <span class='ocrx_word' id='word_1_153' title='bbox 917 2174 1054 2261; x_wconf 78' lang='grc' dir='ltr'><strong><em>τάχιστα</em></strong></span> <span class='ocrx_word' id='word_1_154' title='bbox 1077 2168 1117 2243; x_wconf 70' lang='grc' dir='ltr'><strong><em>δν</em></strong></span> <span class='ocrx_word' id='word_1_155' title='bbox 1138 2180 1246 2264; x_wconf 80' lang='grc' dir='ltr'><strong><em>εΐρκτη</em></strong></span> 
     </span>
     <span class='ocr_line' id='line_1_19' title="bbox 143 2271 1246 2364; baseline 0.005 -27"><span class='ocrx_word' id='word_1_156' title='bbox 143 2275 291 2360; x_wconf 77' lang='grc' dir='ltr'><strong><em>ζοφώδης</em></strong></span> <span class='ocrx_word' id='word_1_157' title='bbox 321 2278 375 2341; x_wconf 84' lang='grc' dir='ltr'><strong>καί</strong></span> <span class='ocrx_word' id='word_1_158' title='bbox 407 2275 552 2341; x_wconf 78' lang='grc' dir='ltr'><strong><em>θανάτου</em></strong></span> <span class='ocrx_word' id='word_1_159' title='bbox 579 2281 689 2359; x_wconf 75' lang='grc' dir='ltr'><strong><em>βιαίου</em></strong></span> <span class='ocrx_word' id='word_1_160' title='bbox 716 2277 828 2359; x_wconf 80' lang='grc' dir='ltr'><strong><em>γείτων</em></strong></span> <span class='ocrx_word' id='word_1_161' title='bbox 855 2280 980 2362; x_wconf 79' lang='grc' dir='ltr'><strong><em>ἐδέχετο</em></strong></span> <span class='ocrx_word' id='word_1_162' title='bbox 1001 2282 1113 2364; x_wconf 78' lang='grc' dir='ltr'><strong><em>τοῦτον</em></strong></span> <span class='ocrx_word' id='word_1_163' title='bbox 1135 2271 1246 2356; x_wconf 76' lang='grc' dir='ltr'><strong><em>εὐθύς.</em></strong></span> 
     </span>
     <span class='ocr_line' id='line_1_20' title="bbox 143 2370 1244 2467; baseline 0.005 -29"><span class='ocrx_word' id='word_1_164' title='bbox 143 2380 201 2439; x_wconf 83' lang='grc' dir='ltr'><strong><em>καί</em></strong></span> <span class='ocrx_word' id='word_1_165' title='bbox 221 2378 274 2440; x_wconf 73' lang='grc' dir='ltr'><strong><em>ἴνα</em></strong></span> <span class='ocrx_word' id='word_1_166' title='bbox 294 2376 352 2441; x_wconf 82' lang='grc' dir='ltr'><strong><em>τα’ν</em></strong></span> <span class='ocrx_word' id='word_1_167' title='bbox 372 2381 460 2467; x_wconf 83' lang='grc' dir='ltr'><strong><em>με’σιρ</em></strong></span> <span class='ocrx_word' id='word_1_168' title='bbox 490 2381 643 2467; x_wconf 82' lang='grc' dir='ltr'><strong><em>ουντὲμιρ,</em></strong></span> <span class='ocrx_word' id='word_1_169' title='bbox 667 2370 739 2441; x_wconf 79' lang='grc' dir='ltr'><strong><em>ὅλον</em></strong></span> <span class='ocrx_word' id='word_1_170' title='bbox 768 2376 916 2444; x_wconf 75' lang='grc' dir='ltr'><strong><em>ἐνιαυτὸν</em></strong></span> <span class='ocrx_word' id='word_1_171' title='bbox 937 2383 1007 2445; x_wconf 80' lang='grc' dir='ltr'><strong><em>ε’κεῖ</em></strong></span> <span class='ocrx_word' id='word_1_172' title='bbox 1025 2376 1187 2463; x_wconf 85' lang='grc' dir='ltr'><strong><em>διηνυκδτι</em></strong></span> <span class='ocrx_word' id='word_1_173' title='bbox 1206 2380 1244 2445; x_wconf 81' lang='lat' dir='ltr'><strong>roi</strong></span> 
     </span>
    </p>

    <p class='ocr_par' dir='ltr' id='par_1_6' title="bbox 94 2468 1305 2566">
     <span class='ocr_line' id='line_1_21' title="bbox 94 2468 1305 2566; baseline 0.007 -29"><span class='ocrx_word' id='word_1_174' title='bbox 94 2482 170 2543; x_wconf 75' lang='lat'><strong>201’</strong></span> <span class='ocrx_word' id='word_1_175' title='bbox 192 2468 272 2541; x_wconf 74' lang='grc' dir='ltr'><strong><em>ἄλλα</em></strong></span> <span class='ocrx_word' id='word_1_176' title='bbox 296 2481 360 2566; x_wconf 83' lang='grc' dir='ltr'><strong><em>[τε]</em></strong></span> <span class='ocrx_word' id='word_1_177' title='bbox 389 2478 477 2564; x_wconf 67' lang='grc' dir='ltr'><strong><em>αὐτῷ</em></strong></span> <span class='ocrx_word' id='word_1_178' title='bbox 499 2480 590 2545; x_wconf 79' lang='grc' dir='ltr'><strong><em>πάντ’</em></strong></span> <span class='ocrx_word' id='word_1_179' title='bbox 610 2483 726 2566; x_wconf 77' lang='grc' dir='ltr'><strong><em>ἐδρᾶτο</em></strong></span> <span class='ocrx_word' id='word_1_180' title='bbox 751 2477 790 2545; x_wconf 73' lang='grc' dir='ltr'><strong>τὰ</strong></span> <span class='ocrx_word' id='word_1_181' title='bbox 816 2477 1033 2565; x_wconf 82' lang='grc' dir='ltr'><strong><em>πατριδρχαις</em></strong></span> <span class='ocrx_word' id='word_1_182' title='bbox 1054 2478 1171 2563; x_wconf 81' lang='grc' dir='ltr'><strong><em>ἔθιμα,</em></strong></span> <span class='ocrx_word' id='word_1_183' title='bbox 1193 2483 1249 2545; x_wconf 79' lang='grc' dir='ltr'><strong>καί</strong></span> <span class='ocrx_word' id='word_1_184' title='bbox 1301 2488 1305 2494; x_wconf 78' lang='grc'>’</span> 
     </span>
    </p>
   </div>
   <div class='ocr_carea' id='block_1_3' title="bbox 143 2575 1379 2770">
    <p class='ocr_par' dir='ltr' id='par_1_7' title="bbox 143 2575 1379 2770">
     <span class='ocr_line' id='line_1_22' title="bbox 143 2575 1313 2674; baseline 0.005 -34"><span class='ocrx_word' id='word_1_185' title='bbox 143 2575 212 2658; x_wconf 80' lang='grc' dir='ltr'><strong>ἅμα</strong></span> <span class='ocrx_word' id='word_1_186' title='bbox 232 2578 362 2664; x_wconf 78' lang='grc' dir='ltr'><strong><em>γραφὰς</em></strong></span> <span class='ocrx_word' id='word_1_187' title='bbox 391 2580 448 2644; x_wconf 76' lang='grc' dir='ltr'><strong>οὐκ</strong></span> <span class='ocrx_word' id='word_1_188' title='bbox 475 2581 587 2665; x_wconf 80' lang='grc' dir='ltr'><strong><em>ἠμέλει</em></strong></span> <span class='ocrx_word' id='word_1_189' title='bbox 620 2575 753 2663; x_wconf 68' lang='grc' dir='ltr'><strong><em>πέμλιων</em></strong></span> <span class='ocrx_word' id='word_1_190' title='bbox 773 2583 986 2662; x_wconf 88' lang='grc' dir='ltr'><strong><em>Βυζαντίοις,</em></strong></span> <span class='ocrx_word' id='word_1_191' title='bbox 1022 2575 1095 2647; x_wconf 78' lang='grc' dir='ltr'><strong><em>ὅσοι</em></strong></span> <span class='ocrx_word' id='word_1_192' title='bbox 1124 2578 1180 2664; x_wconf 77' lang='grc' dir='ltr'><strong><em>την</em></strong></span> <span class='ocrx_word' id='word_1_193' title='bbox 1201 2581 1246 2674; x_wconf 66' lang='grc' dir='ltr'><strong><em>εἷς</em></strong></span> <span class='ocrx_word' id='word_1_194' title='bbox 1301 2617 1313 2662; x_wconf 57' lang='grc' dir='ltr'><strong>ῃ</strong></span> 
     </span>
     <span class='ocr_line' id='line_1_23' title="bbox 145 2679 1379 2770; baseline 0.004 -26"><span class='ocrx_word' id='word_1_195' title='bbox 145 2679 244 2745; x_wconf 82' lang='grc' dir='ltr'><strong><em>ου’τδν</em></strong></span> <span class='ocrx_word' id='word_1_196' title='bbox 267 2683 501 2770; x_wconf 72' lang='grc' dir='ltr'><strong><em>δξετραγηνδουν</em></strong></span> <span class='ocrx_word' id='word_1_197' title='bbox 523 2684 664 2766; x_wconf 82' lang='grc' dir='ltr'><strong><em>α’δικίαν,</em></strong></span> <span class='ocrx_word' id='word_1_198' title='bbox 686 2680 742 2748; x_wconf 85' lang='grc' dir='ltr'><strong>καί</strong></span> <span class='ocrx_word' id='word_1_199' title='bbox 759 2683 875 2766; x_wconf 87' lang='grc' dir='ltr'><strong><em>μοιχὸν</em></strong></span> <span class='ocrx_word' id='word_1_200' title='bbox 895 2686 955 2765; x_wconf 79' lang='grc' dir='ltr'><strong><em>μὲν</em></strong></span> <span class='ocrx_word' id='word_1_201' title='bbox 969 2685 1120 2770; x_wconf 77' lang='grc' dir='ltr'><strong><em>προφανῆ</em></strong></span> <span class='ocrx_word' id='word_1_202' title='bbox 1131 2683 1246 2748; x_wconf 72' lang='grc' dir='ltr'><strong><em>’καλῶν</em></strong></span> <span class='ocrx_word' id='word_1_203' title='bbox 1276 2729 1284 2760; x_wconf 61' lang='grc'><strong>,-</strong></span> <span class='ocrx_word' id='word_1_204' title='bbox 1367 2709 1379 2764; x_wconf 65' lang='grc' dir='ltr'>ῑ</span> 
     </span>
    </p>
   </div>
   <div class='ocr_carea' id='block_1_4' title="bbox 143 3014 1246 3357">
    <p class='ocr_par' dir='ltr' id='par_1_8' title="bbox 143 3014 1246 3357">
     <span class='ocr_line' id='line_1_24' title="bbox 144 3014 1246 3083; baseline -0.002 -13"><span class='ocrx_word' id='word_1_205' title='bbox 144 3032 229 3070; x_wconf 86' lang='lat' dir='ltr'><strong>more.</strong></span> <span class='ocrx_word' id='word_1_206' title='bbox 265 3016 329 3068; x_wconf 85' lang='lat' dir='ltr'><strong>hinc</strong></span> <span class='ocrx_word' id='word_1_207' title='bbox 349 3017 463 3069; x_wconf 88' lang='lat' dir='ltr'><strong>enimet</strong></span> <span class='ocrx_word' id='word_1_208' title='bbox 482 3017 551 3069; x_wconf 81' lang='lat' dir='ltr'><strong>varii</strong></span> <span class='ocrx_word' id='word_1_209' title='bbox 570 3014 705 3068; x_wconf 84' lang='lat' dir='ltr'><strong>fluxerunt</strong></span> <span class='ocrx_word' id='word_1_210' title='bbox 727 3016 876 3083; x_wconf 82' lang='lat' dir='ltr'><strong>sapientiae</strong></span> <span class='ocrx_word' id='word_1_211' title='bbox 899 3014 988 3068; x_wconf 84' lang='lat' dir='ltr'><strong>iontos</strong></span> <span class='ocrx_word' id='word_1_212' title='bbox 1015 3023 1043 3067; x_wconf 91' lang='lat' dir='ltr'><strong>et</strong></span> <span class='ocrx_word' id='word_1_213' title='bbox 1060 3024 1168 3070; x_wconf 79' lang='lat' dir='ltr'><strong>ueteres</strong></span> <span class='ocrx_word' id='word_1_214' title='bbox 1187 3017 1246 3072; x_wconf 70' lang='grc' dir='ltr'><strong>δίε.ι</strong></span> 
     </span>
     <span class='ocr_line' id='line_1_25' title="bbox 145 3087 1246 3156; baseline 0 -15"><span class='ocrx_word' id='word_1_215' title='bbox 145 3089 305 3156; x_wconf 85' lang='lat' dir='ltr'><strong>cipiinarum</strong></span> <span class='ocrx_word' id='word_1_216' title='bbox 331 3089 487 3141; x_wconf 85' lang='lat' dir='ltr'><strong>inventores</strong></span> <span class='ocrx_word' id='word_1_217' title='bbox 513 3097 540 3140; x_wconf 88' lang='lat' dir='ltr'><strong>et</strong></span> <span class='ocrx_word' id='word_1_218' title='bbox 564 3087 723 3139; x_wconf 87' lang='lat' dir='ltr'><strong>coelestium</strong></span> <span class='ocrx_word' id='word_1_219' title='bbox 752 3095 780 3139; x_wconf 83' lang='lat' dir='ltr'><strong>et</strong></span> <span class='ocrx_word' id='word_1_220' title='bbox 812 3088 978 3140; x_wconf 87' lang='lat' dir='ltr'><strong>terrestrium</strong></span> <span class='ocrx_word' id='word_1_221' title='bbox 1008 3102 1095 3139; x_wconf 88' lang='lat' dir='ltr'><strong>rerum</strong></span> <span class='ocrx_word' id='word_1_222' title='bbox 1123 3091 1246 3142; x_wconf 88' lang='lat' dir='ltr'><strong>notitiam</strong></span> 
     </span>
     <span class='ocr_line' id='line_1_26' title="bbox 146 3159 1245 3226; baseline -0.004 -14"><span class='ocrx_word' id='word_1_223' title='bbox 146 3168 276 3212; x_wconf 89' lang='lat' dir='ltr'><strong>eruerunt</strong></span> <span class='ocrx_word' id='word_1_224' title='bbox 295 3168 322 3211; x_wconf 90' lang='lat' dir='ltr'><strong>et</strong></span> <span class='ocrx_word' id='word_1_225' title='bbox 342 3162 476 3212; x_wconf 83' lang='lat' dir='ltr'><strong>variarum</strong></span> <span class='ocrx_word' id='word_1_226' title='bbox 496 3168 523 3211; x_wconf 90' lang='lat' dir='ltr'><strong>et</strong></span> <span class='ocrx_word' id='word_1_227' title='bbox 540 3159 739 3212; x_wconf 75' lang='lat' dir='ltr'><strong>multiformium</strong></span> <span class='ocrx_word' id='word_1_228' title='bbox 757 3173 846 3209; x_wconf 86' lang='lat' dir='ltr'><strong>rerum</strong></span> <span class='ocrx_word' id='word_1_229' title='bbox 865 3163 945 3226; x_wconf 86' lang='lat' dir='ltr'><strong>atque</strong></span> <span class='ocrx_word' id='word_1_230' title='bbox 975 3159 1124 3210; x_wconf 88' lang='lat' dir='ltr'><strong>orationum</strong></span> <span class='ocrx_word' id='word_1_231' title='bbox 1142 3160 1245 3212; x_wconf 88' lang='lat' dir='ltr'><strong>doctri.</strong></span> 
     </span>
     <span class='ocr_line' id='line_1_27' title="bbox 143 3231 1246 3300; baseline -0.001 -16"><span class='ocrx_word' id='word_1_232' title='bbox 143 3249 208 3297; x_wconf 87' lang='lat' dir='ltr'><strong>uae,</strong></span> <span class='ocrx_word' id='word_1_233' title='bbox 227 3233 314 3300; x_wconf 85' lang='lat' dir='ltr'><strong>quoad</strong></span> <span class='ocrx_word' id='word_1_234' title='bbox 334 3232 391 3282; x_wconf 88' lang='lat' dir='ltr'><strong>eius</strong></span> <span class='ocrx_word' id='word_1_235' title='bbox 409 3232 469 3300; x_wconf 83' lang='lat' dir='ltr'><strong>fleri</strong></span> <span class='ocrx_word' id='word_1_236' title='bbox 486 3233 608 3298; x_wconf 67' lang='lat' dir='ltr'><strong>poterat,</strong></span> <span class='ocrx_word' id='word_1_237' title='bbox 627 3245 720 3283; x_wconf 75' lang='lat' dir='ltr'><strong>musas</strong></span> <span class='ocrx_word' id='word_1_238' title='bbox 745 3238 906 3283; x_wconf 86' lang='lat' dir='ltr'><strong>sumserunt.</strong></span> <span class='ocrx_word' id='word_1_239' title='bbox 951 3236 1026 3294; x_wconf 88' lang='lat' dir='ltr'><strong>esto;</strong></span> <span class='ocrx_word' id='word_1_240' title='bbox 1056 3245 1107 3299; x_wconf 85' lang='lat' dir='ltr'><strong>ego</strong></span> <span class='ocrx_word' id='word_1_241' title='bbox 1127 3245 1194 3283; x_wconf 82' lang='lat' dir='ltr'><strong>roro</strong></span> <span class='ocrx_word' id='word_1_242' title='bbox 1213 3231 1246 3284; x_wconf 80' lang='lat' dir='ltr'><strong>ad</strong></span> 
     </span>
     <span class='ocr_line' id='line_1_28' title="bbox 143 3303 506 3357; baseline -0.008 0"><span class='ocrx_word' id='word_1_243' title='bbox 143 3319 244 3357; x_wconf 87' lang='lat' dir='ltr'><strong>nexum</strong></span> <span class='ocrx_word' id='word_1_244' title='bbox 265 3305 348 3355; x_wconf 82' lang='lat' dir='ltr'><strong>redeo</strong></span> <span class='ocrx_word' id='word_1_245' title='bbox 368 3303 506 3355; x_wconf 86' lang='lat' dir='ltr'><strong>orationis.</strong></span> 
     </span>
    </p>
   </div>
   <div class='ocr_carea' id='block_1_5' title="bbox 140 3398 1288 4399">
    <p class='ocr_par' dir='ltr' id='par_1_9' title="bbox 140 3398 1288 4399">
     <span class='ocr_line' id='line_1_29' title="bbox 245 3398 1288 3468; baseline -0.007 -14"><span class='ocrx_word' id='word_1_246' title='bbox 245 3399 310 3454; x_wconf 78' lang='lat' dir='ltr'><strong>Nam</strong></span> <span class='ocrx_word' id='word_1_247' title='bbox 333 3401 378 3468; x_wconf 93' lang='lat' dir='ltr'><strong>qui</strong></span> <span class='ocrx_word' id='word_1_248' title='bbox 396 3400 548 3467; x_wconf 83' lang='lat' dir='ltr'><strong>patriarcha</strong></span> <span class='ocrx_word' id='word_1_249' title='bbox 574 3408 631 3453; x_wconf 90' lang='lat' dir='ltr'><strong>erat</strong></span> <span class='ocrx_word' id='word_1_250' title='bbox 658 3398 786 3453; x_wconf 83' lang='lat' dir='ltr'><strong>Callistus</strong></span> <span class='ocrx_word' id='word_1_251' title='bbox 806 3406 868 3466; x_wconf 87' lang='lat' dir='ltr'><strong>post</strong></span> <span class='ocrx_word' id='word_1_252' title='bbox 895 3413 968 3450; x_wconf 87' lang='lat' dir='ltr'><strong>suam</strong></span> <span class='ocrx_word' id='word_1_253' title='bbox 982 3400 1245 3451; x_wconf 62' lang='lat' dir='ltr'><strong>excommunicatio.</strong></span> <span class='ocrx_word' id='word_1_254' title='bbox 1284 3400 1288 3408; x_wconf 89' lang='grc'><strong>’</strong></span> 
     </span>
     <span class='ocr_line' id='line_1_30' title="bbox 144 3471 1245 3541; baseline -0.003 -16"><span class='ocrx_word' id='word_1_255' title='bbox 144 3490 206 3525; x_wconf 89' lang='lat' dir='ltr'><strong>nem</strong></span> <span class='ocrx_word' id='word_1_256' title='bbox 229 3479 256 3523; x_wconf 88' lang='lat' dir='ltr'><strong>et</strong></span> <span class='ocrx_word' id='word_1_257' title='bbox 276 3471 466 3523; x_wconf 87' lang='lat' dir='ltr'><strong>clandestinam</strong></span> <span class='ocrx_word' id='word_1_258' title='bbox 491 3472 565 3523; x_wconf 89' lang='lat' dir='ltr'><strong>illam</strong></span> <span class='ocrx_word' id='word_1_259' title='bbox 588 3473 616 3522; x_wconf 91' lang='lat' dir='ltr'><strong>in</strong></span> <span class='ocrx_word' id='word_1_260' title='bbox 634 3471 776 3541; x_wconf 80' lang='lat' dir='ltr'><strong>galaticam</strong></span> <span class='ocrx_word' id='word_1_261' title='bbox 794 3471 946 3523; x_wconf 80' lang='lat' dir='ltr'><strong>Latinorum</strong></span> <span class='ocrx_word' id='word_1_262' title='bbox 973 3471 1117 3523; x_wconf 87' lang='lat' dir='ltr'><strong>custodiam</strong></span> <span class='ocrx_word' id='word_1_263' title='bbox 1145 3471 1245 3540; x_wconf 82' lang='lat' dir='ltr'><strong>iugum,</strong></span> 
     </span>
     <span class='ocr_line' id='line_1_31' title="bbox 144 3541 1245 3612; baseline -0.004 -17"><span class='ocrx_word' id='word_1_264' title='bbox 144 3544 227 3612; x_wconf 88' lang='lat' dir='ltr'><strong>panio</strong></span> <span class='ocrx_word' id='word_1_265' title='bbox 247 3551 341 3610; x_wconf 87' lang='lat' dir='ltr'><strong>postea</strong></span> <span class='ocrx_word' id='word_1_266' title='bbox 358 3544 480 3595; x_wconf 88' lang='lat' dir='ltr'><strong>idoneam</strong></span> <span class='ocrx_word' id='word_1_267' title='bbox 500 3544 669 3611; x_wconf 75' lang='lat' dir='ltr'><strong>occasionum</strong></span> <span class='ocrx_word' id='word_1_268' title='bbox 687 3551 796 3607; x_wconf 86' lang='lat' dir='ltr'><strong>unctus,</strong></span> <span class='ocrx_word' id='word_1_269' title='bbox 825 3542 893 3594; x_wconf 87' lang='lat' dir='ltr'><strong>clam</strong></span> <span class='ocrx_word' id='word_1_270' title='bbox 919 3541 981 3594; x_wconf 86' lang='lat' dir='ltr'><strong>inde</strong></span> <span class='ocrx_word' id='word_1_271' title='bbox 1001 3543 1087 3595; x_wconf 86' lang='lat' dir='ltr'><strong>evasit</strong></span> <span class='ocrx_word' id='word_1_272' title='bbox 1108 3551 1135 3594; x_wconf 91' lang='lat' dir='ltr'><strong>et</strong></span> <span class='ocrx_word' id='word_1_273' title='bbox 1156 3543 1245 3594; x_wconf 85' lang='lat' dir='ltr'><strong>Tene.</strong></span> 
     </span>
     <span class='ocr_line' id='line_1_32' title="bbox 144 3614 1245 3684; baseline -0.006 -17"><span class='ocrx_word' id='word_1_274' title='bbox 144 3618 205 3668; x_wconf 91' lang='lat' dir='ltr'><strong>dnm</strong></span> <span class='ocrx_word' id='word_1_275' title='bbox 225 3616 289 3666; x_wconf 86' lang='lat' dir='ltr'><strong>navi</strong></span> <span class='ocrx_word' id='word_1_276' title='bbox 309 3615 412 3667; x_wconf 87' lang='lat' dir='ltr'><strong>abierat</strong></span> <span class='ocrx_word' id='word_1_277' title='bbox 429 3614 593 3683; x_wconf 83' lang='lat' dir='ltr'><strong>Palaeologo</strong></span> <span class='ocrx_word' id='word_1_278' title='bbox 611 3617 671 3684; x_wconf 80' lang='lat' dir='ltr'><strong>rogi</strong></span> <span class='ocrx_word' id='word_1_279' title='bbox 691 3615 887 3683; x_wconf 80' lang='lat' dir='ltr'><strong>gratificaturus</strong></span> <span class='ocrx_word' id='word_1_280' title='bbox 907 3622 934 3665; x_wconf 90' lang='lat' dir='ltr'><strong>et</strong></span> <span class='ocrx_word' id='word_1_281' title='bbox 951 3628 1000 3682; x_wconf 90' lang='lat' dir='ltr'><strong>pro</strong></span> <span class='ocrx_word' id='word_1_282' title='bbox 1019 3615 1089 3666; x_wconf 84' lang='lat' dir='ltr'><strong>dono</strong></span> <span class='ocrx_word' id='word_1_283' title='bbox 1109 3614 1180 3665; x_wconf 90' lang='lat' dir='ltr'><strong>omni</strong></span> <span class='ocrx_word' id='word_1_284' title='bbox 1199 3615 1245 3666; x_wconf 81' lang='lat' dir='ltr'><strong>vi.</strong></span> 
     </span>
     <span class='ocr_line' id='line_1_33' title="bbox 145 3685 1245 3756; baseline -0.002 -18"><span class='ocrx_word' id='word_1_285' title='bbox 145 3689 235 3756; x_wconf 85' lang='lat' dir='ltr'><strong>gentis</strong></span> <span class='ocrx_word' id='word_1_286' title='bbox 263 3689 292 3737; x_wconf 88' lang='lat' dir='ltr'><strong>in</strong></span> <span class='ocrx_word' id='word_1_287' title='bbox 325 3687 412 3737; x_wconf 86' lang='lat' dir='ltr'><strong>auimo</strong></span> <span class='ocrx_word' id='word_1_288' title='bbox 438 3687 544 3739; x_wconf 88' lang='lat' dir='ltr'><strong>habitus</strong></span> <span class='ocrx_word' id='word_1_289' title='bbox 563 3687 695 3752; x_wconf 88' lang='lat' dir='ltr'><strong>praebens</strong></span> <span class='ocrx_word' id='word_1_290' title='bbox 718 3687 840 3738; x_wconf 85' lang='lat' dir='ltr'><strong>ardorem</strong></span> <span class='ocrx_word' id='word_1_291' title='bbox 865 3692 891 3737; x_wconf 91' lang='lat' dir='ltr'><strong>et</strong></span> <span class='ocrx_word' id='word_1_292' title='bbox 915 3701 945 3737; x_wconf 88' lang='lat' dir='ltr'><strong>re</strong></span> <span class='ocrx_word' id='word_1_293' title='bbox 971 3686 1030 3753; x_wconf 89' lang='lat' dir='ltr'><strong>ipsa</strong></span> <span class='ocrx_word' id='word_1_294' title='bbox 1047 3701 1121 3738; x_wconf 88' lang='lat' dir='ltr'><strong>suam</strong></span> <span class='ocrx_word' id='word_1_295' title='bbox 1139 3685 1245 3738; x_wconf 90' lang='lat' dir='ltr'><strong>scilicet</strong></span> 
     </span>
     <span class='ocr_line' id='line_1_34' title="bbox 145 3757 1245 3827; baseline -0.005 -17"><span class='ocrx_word' id='word_1_296' title='bbox 145 3775 212 3827; x_wconf 85' lang='lat' dir='ltr'><strong>erga</strong></span> <span class='ocrx_word' id='word_1_297' title='bbox 231 3758 307 3810; x_wconf 90' lang='lat' dir='ltr'><strong>illum</strong></span> <span class='ocrx_word' id='word_1_298' title='bbox 328 3759 471 3810; x_wconf 87' lang='lat' dir='ltr'><strong>ostendeus</strong></span> <span class='ocrx_word' id='word_1_299' title='bbox 488 3759 620 3821; x_wconf 87' lang='lat' dir='ltr'><strong>studium;</strong></span> <span class='ocrx_word' id='word_1_300' title='bbox 646 3767 672 3809; x_wconf 91' lang='lat' dir='ltr'><strong>et</strong></span> <span class='ocrx_word' id='word_1_301' title='bbox 692 3773 833 3823; x_wconf 88' lang='lat' dir='ltr'><strong>enarrans,</strong></span> <span class='ocrx_word' id='word_1_302' title='bbox 853 3758 985 3825; x_wconf 89' lang='lat' dir='ltr'><strong>quomodo</strong></span> <span class='ocrx_word' id='word_1_303' title='bbox 1004 3758 1103 3810; x_wconf 90' lang='lat' dir='ltr'><strong>liceret</strong></span> <span class='ocrx_word' id='word_1_304' title='bbox 1122 3757 1174 3810; x_wconf 86' lang='lat' dir='ltr'><strong>irui</strong></span> <span class='ocrx_word' id='word_1_305' title='bbox 1194 3773 1245 3824; x_wconf 82' lang='lat' dir='ltr'><strong>pa.</strong></span> 
     </span>
     <span class='ocr_line' id='line_1_35' title="bbox 143 3828 1246 3898; baseline -0.001 -17"><span class='ocrx_word' id='word_1_306' title='bbox 143 3831 307 3882; x_wconf 85' lang='lat' dir='ltr'><strong>triarchicae</strong></span> <span class='ocrx_word' id='word_1_307' title='bbox 325 3838 460 3898; x_wconf 70' lang='lat' dir='ltr'><strong>potestate</strong></span> <span class='ocrx_word' id='word_1_308' title='bbox 480 3839 507 3883; x_wconf 89' lang='lat' dir='ltr'><strong>et</strong></span> <span class='ocrx_word' id='word_1_309' title='bbox 535 3830 615 3882; x_wconf 89' lang='lat' dir='ltr'><strong>simui</strong></span> <span class='ocrx_word' id='word_1_310' title='bbox 641 3830 820 3883; x_wconf 82' lang='lat' dir='ltr'><strong>Contacuneni</strong></span> <span class='ocrx_word' id='word_1_311' title='bbox 850 3831 988 3898; x_wconf 84' lang='lat' dir='ltr'><strong>regnantis</strong></span> <span class='ocrx_word' id='word_1_312' title='bbox 1005 3828 1198 3882; x_wconf 86' lang='lat' dir='ltr'><strong>benevolentia</strong></span> <span class='ocrx_word' id='word_1_313' title='bbox 1219 3835 1246 3880; x_wconf 82' lang='lat' dir='ltr'><strong>et</strong></span> 
     </span>
     <span class='ocr_line' id='line_1_36' title="bbox 142 3900 1244 3970; baseline -0.002 -17"><span class='ocrx_word' id='word_1_314' title='bbox 142 3902 345 3965; x_wconf 87' lang='lat' dir='ltr'><strong>beneficientia,</strong></span> <span class='ocrx_word' id='word_1_315' title='bbox 364 3903 386 3953; x_wconf 89' lang='lat' dir='ltr'><strong>si</strong></span> <span class='ocrx_word' id='word_1_316' title='bbox 406 3901 492 3954; x_wconf 87' lang='lat' dir='ltr'><strong>vellet</strong></span> <span class='ocrx_word' id='word_1_317' title='bbox 509 3903 666 3970; x_wconf 79' lang='lat' dir='ltr'><strong>participem</strong></span> <span class='ocrx_word' id='word_1_318' title='bbox 688 3900 778 3952; x_wconf 85' lang='lat' dir='ltr'><strong>iacere</strong></span> <span class='ocrx_word' id='word_1_319' title='bbox 796 3917 826 3952; x_wconf 87' lang='lat' dir='ltr'><strong>se</strong></span> <span class='ocrx_word' id='word_1_320' title='bbox 845 3902 1051 3953; x_wconf 81' lang='lat' dir='ltr'><strong>renuntiationis</strong></span> <span class='ocrx_word' id='word_1_321' title='bbox 1070 3901 1103 3952; x_wconf 87' lang='lat' dir='ltr'><strong>de</strong></span> <span class='ocrx_word' id='word_1_322' title='bbox 1121 3901 1244 3954; x_wconf 81' lang='lat' dir='ltr'><strong>Methaeo</strong></span> 
     </span>
     <span class='ocr_line' id='line_1_37' title="bbox 142 3971 1244 4041; baseline -0.001 -18"><span class='ocrx_word' id='word_1_323' title='bbox 142 3975 222 4041; x_wconf 86' lang='lat' dir='ltr'><strong>regio</strong></span> <span class='ocrx_word' id='word_1_324' title='bbox 245 3973 302 4024; x_wconf 86' lang='lat' dir='ltr'><strong>filio</strong></span> <span class='ocrx_word' id='word_1_325' title='bbox 321 3974 425 4037; x_wconf 86' lang='lat' dir='ltr'><strong>iactae,</strong></span> <span class='ocrx_word' id='word_1_326' title='bbox 445 3973 489 4024; x_wconf 87' lang='lat' dir='ltr'><strong>hic</strong></span> <span class='ocrx_word' id='word_1_327' title='bbox 513 3988 579 4025; x_wconf 86' lang='lat' dir='ltr'><strong>vero</strong></span> <span class='ocrx_word' id='word_1_328' title='bbox 607 3980 724 4024; x_wconf 82' lang='lat' dir='ltr'><strong>extrema</strong></span> <span class='ocrx_word' id='word_1_329' title='bbox 751 3971 806 4038; x_wconf 86' lang='lat' dir='ltr'><strong>pati</strong></span> <span class='ocrx_word' id='word_1_330' title='bbox 830 3971 945 4024; x_wconf 87' lang='lat' dir='ltr'><strong>malebat</strong></span> <span class='ocrx_word' id='word_1_331' title='bbox 974 3973 1076 4040; x_wconf 86' lang='lat' dir='ltr'><strong>patruis</strong></span> <span class='ocrx_word' id='word_1_332' title='bbox 1100 3973 1244 4024; x_wconf 86' lang='lat' dir='ltr'><strong>adversans</strong></span> 
     </span>
     <span class='ocr_line' id='line_1_38' title="bbox 142 4041 1244 4111; baseline -0.002 -16"><span class='ocrx_word' id='word_1_333' title='bbox 142 4047 200 4096; x_wconf 89' lang='lat' dir='ltr'><strong>suis</strong></span> <span class='ocrx_word' id='word_1_334' title='bbox 220 4045 312 4107; x_wconf 86' lang='lat' dir='ltr'><strong>iustis3</strong></span> <span class='ocrx_word' id='word_1_335' title='bbox 341 4051 368 4094; x_wconf 87' lang='lat' dir='ltr'><strong>et</strong></span> <span class='ocrx_word' id='word_1_336' title='bbox 385 4046 437 4095; x_wconf 92' lang='lat' dir='ltr'><strong>nisi</strong></span> <span class='ocrx_word' id='word_1_337' title='bbox 457 4045 623 4097; x_wconf 88' lang='lat' dir='ltr'><strong>clandestina</strong></span> <span class='ocrx_word' id='word_1_338' title='bbox 643 4044 707 4111; x_wconf 81' lang='lat' dir='ltr'><strong>iuga</strong></span> <span class='ocrx_word' id='word_1_339' title='bbox 725 4041 838 4095; x_wconf 88' lang='lat' dir='ltr'><strong>salutem</strong></span> <span class='ocrx_word' id='word_1_340' title='bbox 857 4043 1000 4110; x_wconf 87' lang='lat' dir='ltr'><strong>praeberet</strong></span> <span class='ocrx_word' id='word_1_341' title='bbox 1016 4043 1082 4110; x_wconf 86' lang='lat' dir='ltr'><strong>sibi,</strong></span> <span class='ocrx_word' id='word_1_342' title='bbox 1103 4043 1244 4095; x_wconf 89' lang='lat' dir='ltr'><strong>celerrime</strong></span> 
     </span>
     <span class='ocr_line' id='line_1_39' title="bbox 142 4114 1245 4184; baseline 0.001 -18"><span class='ocrx_word' id='word_1_343' title='bbox 142 4131 196 4183; x_wconf 86' lang='lat' dir='ltr'><strong>ego</strong></span> <span class='ocrx_word' id='word_1_344' title='bbox 216 4115 336 4166; x_wconf 83' lang='lat' dir='ltr'><strong>inclusus</strong></span> <span class='ocrx_word' id='word_1_345' title='bbox 356 4131 442 4166; x_wconf 85' lang='lat' dir='ltr'><strong>essem</strong></span> <span class='ocrx_word' id='word_1_346' title='bbox 460 4117 488 4167; x_wconf 92' lang='lat' dir='ltr'><strong>in</strong></span> <span class='ocrx_word' id='word_1_347' title='bbox 507 4115 643 4179; x_wconf 86' lang='lat' dir='ltr'><strong>tenebras,</strong></span> <span class='ocrx_word' id='word_1_348' title='bbox 666 4123 693 4165; x_wconf 89' lang='lat' dir='ltr'><strong>et</strong></span> <span class='ocrx_word' id='word_1_349' title='bbox 711 4114 803 4164; x_wconf 91' lang='lat' dir='ltr'><strong>mortis</strong></span> <span class='ocrx_word' id='word_1_350' title='bbox 824 4114 962 4166; x_wconf 88' lang='lat' dir='ltr'><strong>violentae</strong></span> <span class='ocrx_word' id='word_1_351' title='bbox 983 4117 1148 4184; x_wconf 89' lang='lat' dir='ltr'><strong>propinquus</strong></span> <span class='ocrx_word' id='word_1_352' title='bbox 1167 4114 1245 4167; x_wconf 82' lang='lat' dir='ltr'><strong>locus</strong></span> 
     </span>
     <span class='ocr_line' id='line_1_40' title="bbox 141 4182 1245 4255; baseline -0.002 -18"><span class='ocrx_word' id='word_1_353' title='bbox 141 4203 186 4237; x_wconf 88' lang='lat' dir='ltr'><strong>me</strong></span> <span class='ocrx_word' id='word_1_354' title='bbox 206 4189 295 4238; x_wconf 91' lang='lat' dir='ltr'><strong>statim</strong></span> <span class='ocrx_word' id='word_1_355' title='bbox 315 4188 475 4252; x_wconf 82' lang='lat' dir='ltr'><strong>excepisset.</strong></span> <span class='ocrx_word' id='word_1_356' title='bbox 512 4195 593 4255; x_wconf 90' lang='lat' dir='ltr'><strong>utque</strong></span> <span class='ocrx_word' id='word_1_357' title='bbox 611 4195 641 4237; x_wconf 92' lang='lat' dir='ltr'><strong>ut</strong></span> <span class='ocrx_word' id='word_1_358' title='bbox 659 4185 692 4237; x_wconf 89' lang='lat' dir='ltr'><strong>ab</strong></span> <span class='ocrx_word' id='word_1_359' title='bbox 711 4184 770 4252; x_wconf 88' lang='lat' dir='ltr'><strong>ipso</strong></span> <span class='ocrx_word' id='word_1_360' title='bbox 789 4185 836 4252; x_wconf 85' lang='lat' dir='ltr'><strong>qui</strong></span> <span class='ocrx_word' id='word_1_361' title='bbox 854 4187 882 4237; x_wconf 92' lang='lat' dir='ltr'><strong>in</strong></span> <span class='ocrx_word' id='word_1_362' title='bbox 902 4182 1051 4238; x_wconf 86' lang='lat' dir='ltr'><strong>meditullio</strong></span> <span class='ocrx_word' id='word_1_363' title='bbox 1072 4188 1181 4239; x_wconf 90' lang='lat' dir='ltr'><strong>conciso</strong></span> <span class='ocrx_word' id='word_1_364' title='bbox 1200 4187 1245 4236; x_wconf 91' lang='lat' dir='ltr'><strong>in-</strong></span> 
     </span>
     <span class='ocr_line' id='line_1_41' title="bbox 141 4255 1245 4327; baseline -0.002 -18"><span class='ocrx_word' id='word_1_365' title='bbox 141 4267 250 4327; x_wconf 85' lang='lat' dir='ltr'><strong>tegrum</strong></span> <span class='ocrx_word' id='word_1_366' title='bbox 270 4268 366 4309; x_wconf 85' lang='lat' dir='ltr'><strong>annum</strong></span> <span class='ocrx_word' id='word_1_367' title='bbox 385 4258 423 4308; x_wconf 89' lang='lat' dir='ltr'><strong>ibi</strong></span> <span class='ocrx_word' id='word_1_368' title='bbox 442 4266 620 4327; x_wconf 79' lang='lat' dir='ltr'><strong>transegerat,</strong></span> <span class='ocrx_word' id='word_1_369' title='bbox 640 4273 720 4326; x_wconf 87' lang='lat' dir='ltr'><strong>quum</strong></span> <span class='ocrx_word' id='word_1_370' title='bbox 744 4255 851 4324; x_wconf 83' lang='lat' dir='ltr'><strong>reliqua</strong></span> <span class='ocrx_word' id='word_1_371' title='bbox 877 4259 964 4309; x_wconf 88' lang='lat' dir='ltr'><strong>omnia</strong></span> <span class='ocrx_word' id='word_1_372' title='bbox 983 4259 1176 4325; x_wconf 81' lang='lat' dir='ltr'><strong>proficereutcr</strong></span> <span class='ocrx_word' id='word_1_373' title='bbox 1195 4271 1245 4322; x_wconf 87' lang='lat' dir='ltr'><strong>pa-</strong></span> 
     </span>
     <span class='ocr_line' id='line_1_42' title="bbox 140 4327 1244 4399; baseline -0.004 -15"><span class='ocrx_word' id='word_1_374' title='bbox 140 4330 270 4384; x_wconf 82' lang='lat' dir='ltr'><strong>triarchis</strong></span> <span class='ocrx_word' id='word_1_375' title='bbox 287 4331 386 4383; x_wconf 84' lang='lat' dir='ltr'><strong>usitata</strong></span> <span class='ocrx_word' id='word_1_376' title='bbox 413 4337 441 4382; x_wconf 87' lang='lat' dir='ltr'><strong>et</strong></span> <span class='ocrx_word' id='word_1_377' title='bbox 458 4331 538 4383; x_wconf 84' lang='lat' dir='ltr'><strong>simul</strong></span> <span class='ocrx_word' id='word_1_378' title='bbox 565 4330 709 4383; x_wconf 83' lang='lat' dir='ltr'><strong>accusandi</strong></span> <span class='ocrx_word' id='word_1_379' title='bbox 738 4327 869 4384; x_wconf 78' lang='lat' dir='ltr'><strong>formulas</strong></span> <span class='ocrx_word' id='word_1_380' title='bbox 892 4343 947 4382; x_wconf 89' lang='lat' dir='ltr'><strong>nou</strong></span> <span class='ocrx_word' id='word_1_381' title='bbox 964 4329 1120 4399; x_wconf 79' lang='lat' dir='ltr'><strong>negligeret</strong></span> <span class='ocrx_word' id='word_1_382' title='bbox 1137 4329 1244 4382; x_wconf 83' lang='lat' dir='ltr'><strong>mittero</strong></span> 
     </span>
    </p>
   </div>
   <div class='ocr_carea' id='block_1_6' title="bbox 237 4425 1055 4502">
    <p class='ocr_par' dir='ltr' id='par_1_10' title="bbox 237 4425 1055 4502">
     <span class='ocr_line' id='line_1_43' title="bbox 237 4425 1055 4502; baseline -0.006 -15"><span class='ocrx_word' id='word_1_383' title='bbox 237 4427 404 4502; x_wconf 74' lang='grc' dir='ltr'><strong><em>Νίτιρλοτιιι</em></strong></span> <span class='ocrx_word' id='word_1_384' title='bbox 423 4429 534 4500; x_wconf 77' lang='grc' dir='ltr'><strong><em>ίὶνιροτ.</em></strong></span> <span class='ocrx_word' id='word_1_385' title='bbox 559 4427 615 4484; x_wconf 75' lang='lat' dir='ltr'><strong>rot</strong></span> <span class='ocrx_word' id='word_1_386' title='bbox 635 4427 692 4484; x_wconf 85' lang='lat' dir='ltr'><strong>m.</strong></span> <span class='ocrx_word' id='word_1_387' title='bbox 1022 4425 1055 4482; x_wconf 87' lang='grc'><strong>17</strong></span> 
     </span>
    </p>
   </div>
   <div class='ocr_carea' id='block_1_7' title="bbox 0 0 1596 5100">
    <p class='ocr_par' dir='ltr' id='par_1_11' title="bbox 0 0 1596 5100">
     <span class='ocr_line' id='line_1_44' title="bbox 0 0 1596 5100; baseline 0 0"><span class='ocrx_word' id='word_1_388' title='bbox 0 0 1596 5100; x_wconf 95' lang='lat' dir='ltr'><strong> </strong></span> 
     </span>
    </p>
   </div>
  </div>
 </body>
</html>
