3184 5100
240 401 747 495 ntsmatmn'nmtntnttttn
769 421 908 487 namn.
924 368 1110 491 tit-to.
1169 408 1244 535 tsi

139 578 201 669 ἦν·
244 587 357 670 θεότης
391 584 453 671 γάρ
489 584 660 669 ἀπείρηται
683 582 885 647 παντάπασιν
919 580 1062 667 ὁρᾶσθαι
1084 585 1139 651 καί
1162 586 1243 672 ἀπη-

141 687 304 772 γόρευται·
319 683 339 751 ὃ
352 685 414 772 γάρ
428 683 509 771 ύπὲρ
521 687 595 750 νούν
612 684 668 749 καί
680 682 793 750 ου’σίαν
805 680 1025 770 ύπερίάρυιαι,
1037 688 1104 762 nuic
1116 684 1244 773 ύφθιιλ-ι
1262 761 1266 773 η
1315 678 1318 683 ’
1359 764 1362 771 .

142 792 219 867 μοῖς
231 782 438 850 ύιιοπεσεῖται
459 792 652 868 σωματικοῖς
659 812 669 865 3
691 781 713 870 ἢ
734 786 802 859 πῶς
823 784 879 848 καί
901 778 977 873 ’ποίᾳ
999 785 1117 872 γλιύττη
1132 786 1244 872 γένοιτ’

146 882 186 951 ἀν
213 910 288 953 ποτε
323 884 433 973 ῥητόν,
455 881 477 969 ἢ
503 887 611 962 ποιάις
635 886 744 963 ἀκοαίς
765 884 935 962 ἀκουστύν,
960 908 996 950 ου
1024 888 1139 971 γνῶσίς
1159 888 1244 951 ἐστιν

116 986 167 1071 δή
191 985 273 1051 κατά
289 987 325 1052 τὸ
348 994 487 1072 κρεῖττον
504 985 658 1070 παντελὴς
675 986 817 1071 ἀγνωσία
840 986 902 1050 καί·
918 984 936 1051 ὃ
954 983 1035 1071 ύπὲρ
1053 988 1154 1055 ιιάντα
1177 986 1271 1057 ἐστὶι.
1283 1002 1370 1060 234..

144 1086 187 1153 τά
205 1087 433 1173 γινωσκόμενα.
475 1088 511 1150 ἐκ
528 1084 590 1172 γάρ
610 1088 673 1149 τῶν
684 1087 927 1171 γινωσκομένων
947 1086 1082 1152 δύναταί
1100 1112 1168 1162 πως
1188 1086 1244 1151 καί

144 1187 188 1253 τοὶ
206 1187 287 1273 tinio
309 1187 460 1252 νούνκαί
491 1184 644 1270 αἴσθησιν
670 1192 837 1263 νοεῖσθαι,
861 1183 957 1272 ἀλλης
984 1188 1017 1265 ἐξ
1040 1184 1137 1259 ἄλλου
1161 1212 1243 1275 φαν-

144 1289 262 1364 τασίας
283 1288 513 1373 συλλεγομένης
535 1288 580 1363 εἰς
599 1288 675 1351 ἕντι
694 1291 750 1372 τῆς
766 1288 921 1372 ἀληθείας
945 1286 1094 1371 ἴνύαλμα.
1140 1286 1309 1371 ἀλλωςη

147 1394 176 1454 δ’
200 1388 255 1453 olla
278 1386 317 1453 ἀν
340 1390 454 1472 δήπου.
493 1385 576 1453 ‹308ss
598 1386 800 1474 ὁποτέρωθεν
829 1385 867 1475 ἀγ
886 1412 935 1464 τις
955 1386 1045 1475 ὁρῴη
1070 1390 1243 1472 σκεπτόμε-

97 1512 137 1565 10
145 1518 209 1570 νος,
235 1487 317 1575 ὑπὲρ
337 1487 394 1572 τὴν
412 1488 617 1573 ἀνθρωπίνην
633 1486 761 1573 εὑρήσει
782 1489 925 1574 θεωρίαν
946 1486 1002 1572 τὴν
1026 1488 1080 1553 tsi
1099 1492 1156 1554 τού
1170 1496 1243 1577 Ιφα-

145 1593 252 1668 νέντος
272 1593 394 1656 ἐκείνου
417 1588 522 1676 φωτὸς
537 1592 815 1675 παραύειχθεῖσαν
836 1592 1037 1671 συμβολικῶς
1055 1612 1088 1655 ιε
1109 1591 1166 1655 καί
1187 1616 1255 1655 cve*

146 1698 248 1770 πικῶς
268 1692 415 1776 θεότητα.
458 1689 495 1754 ού
516 1689 579 1775 γάρ
601 1693 777 1776 στοχασμιηῖ
805 1690 861 1754 καί
881 1691 1005 1778 εἰκασίᾳ
1035 1692 1097 1755 τινί
1120 1692 1242 1777 φάσκο-
1284 1696 1287 1705 ’

146 1818 207 1878 μεν
223 1792 265 1859 τά
281 1793 410 1869 τοιάδε,
432 1791 485 1856 ἵνα
506 1816 575 1866 πως
596 1790 651 1855 καί
675 1790 903 1873 ἀπιστούμεθα·
950 1789 1017 1857 ἀλλ’
1043 1789 1060 1855 ἀ
1082 1789 1243 1877 εὐαγγελι-

148 1894 224 1980 στῆς
244 1892 263 1959 ὅ
283 1892 340 1978 τὴν
362 1892 456 1958 θείαν
482 1892 603 1975 ἐκείνην
633 1892 838 1975 διηγούμενος
856 1890 1127 1977 μεταμύρφωσιν,
1152 1889 1246 1966 αὐτὸς

99 2022 138 2076 15
147 1997 266 2071 ἐκεῖνός
285 2016 367 2082 φησι
389 1991 435 2077 μη
455 1991 575 2059 εἰδέναι
602 1990 656 2057 τὸν
677 1991 807 2076 Πέτρον
845 1987 866 2054 ἀ
886 1990 971 2077 λέγει
977 2038 986 2069 ,
1010 1990 1064 2055 ἀιε
1087 1990 1167 2077 ὑπὲρ
1189 2014 1245 2075 την

147 2099 267 2163 ἐκείνου
296 2099 413 2181 γνῶσιν
438 2092 625 2178 ύπάρχοντα
657 2092 714 2156 καί
735 2089 817 2155 αύτά
844 2089 885 2155 τὰ
903 2094 959 2175 τῆς
986 2093 1169 2179 ἐκφάνσεως
1189 2094 1246 2155 τοῦ

146 2195 457 2283 μεταμορφουμίνου
479 2193 560 2270 τέως
581 2195 734 2280 Χριστοῦ.
786 2190 922 2278 κρύφιον
942 2192 1003 2279 γάρ
1028 2218 1108 2279 φησι
1128 2192 1311 2265 Διονύ-ου

147 2322 217 2373 σιος
239 2293 334 2360 αύτύν
350 2294 406 2360 καί
425 2293 507 2378 μετὰ
527 2291 584 2377 τὴν
613 2293 768 2379 ἔκφανσιν
791 2287 889 2370 εἶναι,
912 2290 932 2377 ἢ
953 2294 1005 2356 ἵνα
1025 2291 1059 2357 τύ
1082 2293 1245 2378 θειότερον

147 2395 237 2475 εἴπω,
261 2396 351 2483 φησί,
373 2395 429 2461 καί
460 2398 493 2460 ἒν
512 2398 553 2482 τῇ
574 2394 744 2481 ἐκφάνσει·
796 2394 963 2459 καὶτοῦτο
984 2392 1045 2479 γὰρ
1066 2396 1245 2481 τοῢἸησοῦ
1313 2408 1320 2435 i

95 2531 138 2587 20
147 2497 324 2585 κέκρυπται
347 2496 404 2562 καί
423 2497 591 2582 λεγόμενον
617 2492 754 2581 ἄρρητον
770 2494 860 2579 μένει
879 2494 935 2560 καί
955 2494 1122 2577 νοούμενον
1140 2492 1242 2582 ἀγνω-
1331 2502 1332 2511 ’

146 2622 238 2665 στον·
282 2594 301 2662 i
325 2600 361 2663 δὲ
374 2601 430 2674 καί
451 2598 594 2683 ἀγγέλοις
615 2596 704 2680 μένει
725 2597 781 2662 καί
794 2597 962 2680 νοούμενον
985 2592 1151 2680 ἀγνωστον,
1175 2601 1244 2674 παῖς

147 2699 330 2786 ἀνθρώποις
362 2699 523 2784 γνωσθείη
553 2694 610 2779 ἀν,
642 2695 747 2774 ἀλλως
767 2721 802 2763 τε
832 2698 889 2764 aas*
918 2696 936 2763 ὅ
967 2702 1030 2763 τῶν
1052 2697 1244 2785 εὐαγγελίων

145 3003 202 3045 non
219 2993 309 3042 anton
326 2983 526 3055 cognoscibiles
544 2985 644 3054 qnippe
662 2987 708 3054 qni
727 2987 869 3040 essentiam
888 2985 1004 3041 habeant
1022 2988 1144 3043 ultionem
1164 3007 1242 3062 quem

148 3077 218 3132 qnae
234 3059 313 3114 nobis
337 3065 388 3112 est·
424 3058 515 3126 itaque
533 3057 557 3109 si
577 3057 623 3108 lun
643 3057 692 3110 illa
712 3073 747 3109 ex
766 3058 953 3110 essentialibus
973 3067 1000 3111 et
1014 3063 1241 3130 cognoscibililtus

149 3142 178 3186 et
194 3129 347 3183 visibilibus
365 3135 432 3194 erat,
450 3143 505 3180 non
525 3143 558 3178 ea
576 3135 635 3181 emt
653 3129 738 3181 deitas
764 3129 897 3193 increata3
925 3130 1050 3182 deitatem
1071 3135 1178 3186 omnino
1197 3137 1242 3188 vi.

149 3203 228 3257 tlendi
245 3209 365 3269 potestas
390 3207 418 3251 et
436 3200 514 3267 copia
533 3198 593 3250 dats
622 3214 675 3251 non
695 3207 745 3250 est.
792 3199 952 3268 quodecim
972 3210 1109 3270 estsupna
1127 3213 1243 3258 montem

149 3285 177 3328 et
194 3274 336 3327 essentiam
355 3273 453 3335 sitnm,
481 3271 614 3338 quomodo
639 3270 689 3322 snb
712 3271 808 3323 oculos
827 3271 904 3323 cadat
921 3287 1088 3338 corporeos,
1107 3275 1152 3326 vel
1173 3291 1242 3345 quo.

141 3347 224 3399 ¹modo
247 3353 344 3412 etqua
365 3343 459 3411 lingua
483 3344 569 3409 possit
586 3357 700 3410 unquam
720 3343 848 3410 exprimi,
868 3342 913 3394 vel
932 3344 1027 3410 quibus
1051 3346 1158 3398 nuribus
1177 3363 1243 3413 pet.

148 3419 211 3485 cipi.
247 3416 323 3467 cuius
344 3415 464 3482 cognitio
484 3421 526 3464 est
542 3415 636 3464 summi
653 3415 770 3466 numinis
786 3413 909 3466 absoluta
927 3416 1090 3484 incogniti03
1119 3419 1242 3486 quodque

146 3504 226 3555 supra
251 3486 340 3538 oannis
365 3484 560 3554 cognoscibilia
584 3493 635 3536 est.
677 3487 775 3550 etenim
814 3499 847 3536 ex
874 3487 1102 3552 cognoscibilibus
1131 3495 1243 3554 possunt

147 3557 337 3628 quodammodo
364 3558 443 3607 etiam
475 3572 507 3607 ea
525 3572 594 3624 qnae
612 3564 832 3622 ⁵sttpea‘mentent
861 3565 887 3608 et
910 3571 1015 3610 sensum
1033 3567 1094 3610 sunt
1112 3559 1241 3627 intelligi,
1327 3560 1352 3596 ’-

105 3654 110 3667 =
147 3631 201 3682 alia
221 3645 254 3680 ex
272 3627 327 3680 alia
345 3628 509 3696 cogitatione
529 3629 607 3678 dueta
627 3629 659 3679 atl
678 3641 756 3678 nnana
775 3629 897 3680 veritatis
916 3630 1067 3696 imaginem.
1104 3646 1155 3682 neo
1173 3644 1240 3682 veno

146 3700 336 3836 illitati
355 3697 611 3837 ‚mittitis
630 3698 1155 3837 sititilitltlstiltilti‘·
1171 3701 1241 3840 liti

145 3857 199 3894 non
220 3842 376 3892 coniectura
395 3841 506 3906 quadam
531 3849 558 3890 et
575 3841 811 3892 verisimilitudine
831 3841 972 3908 loquimur,
992 3843 1028 3893 ita
1047 3849 1076 3893 ut
1091 3844 1169 3896 fldem
1188 3857 1241 3894 no.

146 3922 224 3966 attam
242 3911 407 3972 amittamns3
433 3911 480 3961 aed
500 3912 668 3979 evangelista
692 3913 740 3980 qni
758 3911 874 3964 divinem
890 3912 962 3964 illem
982 3915 1240 3981 transfigurationem

144 3987 344 4050 interpretatur,
363 3983 422 4047 ipse
440 3983 506 4033 dicit
526 3981 632 4033 Parum
651 3985 758 4035 nescire
776 3999 845 4051 qune
865 3984 945 4048 dicat,
973 3986 1043 4052 quod
1062 3987 1136 4036 illius
1156 3985 1240 4036 intel.
1292 3987 1298 3995 “

144 4055 281 4124 ligentiam
304 4054 435 4104 excedant
458 4054 516 4117 ipse
543 4053 591 4103 illa
615 4066 686 4122 qnae
710 4056 738 4104 in
756 4055 937 4122 transfigurati
958 4055 1056 4109 Christi
1083 4058 1240 4108 manifesta.

142 4129 217 4178 tione
234 4124 342 4177 liebent.
381 4123 529 4188 Μυσαίου,
549 4123 804 4193 Βίοιιγοίοοίυοιλε,
825 4128 904 4176 etlam
923 4134 984 4194 post
998 4129 1240 4182 manifestationem

142 4199 202 4262 init,
220 4195 266 4248 vel
286 4195 450 4247 naiteinins
469 4195 584 4262 loquar,
614 4198 693 4248 etiam
714 4198 742 4247 in
762 4197 988 4250 manifestatione.
1031 4201 1089 4268 ipsa
1108 4199 1155 4251 lux
1173 4199 1240 4250 haee

140 4268 202 4322 lesu
218 4267 326 4320 occulta
344 4274 407 4331 est,
433 4274 460 4317 et
490 4269 612 4335 quamvis
637 4269 708 4319 dieta
725 4276 813 4320 temen
835 4269 961 4335 infande,
984 4273 1103 4341 quemvis
1123 4272 1239 4340 cogitata

141 4347 228 4436 tanen
246 4339 417 4412 ἐπορεύεθ’
437 4340 507 4410 quoti
526 4352 592 4396 tero
611 4340 677 4412 ipsit
693 4338 800 4414 angelis
814 4341 935 4416 quemvis
950 4344 1094 4416 cogitatum
1113 4342 1239 4416 incogni-
