3184 5100
268 523 272 537 !
323 422 546 518 nrsronna
568 420 826 491 ruzenorum
854 424 948 491 xxx.
972 404 1010 491 3.
1043 403 1082 491 l.
1187 416 1260 493 eoo
1315 378 1318 399 ’

160 589 217 673 τῆς
240 584 485 669 ῶραςβιάιον.”’
518 585 591 650 δδέ
605 590 636 651 Γ
633 581 770 671 ρηγοριῖς
791 584 962 667 δπολαβῶν
991 582 1089 672 φησίν
1111 582 1177 663 “nic
1199 584 1298 670 έγῶι

162 695 192 753 δ’
215 692 250 754 ἐκ
272 689 390 760 πολλοῦ
414 685 452 750 τά
475 692 528 771 τῆς
553 692 719 770 θεολογίας
738 686 902 770 μυστήρια
924 691 1032 773 φέρειν
1055 686 1108 751 διὰ
1129 694 1262 769 χειλέων

164 795 206 855 ου’
224 787 313 873 μάλα
335 793 459 871 τολμῶν
478 787 559 853 ἄλλα
577 784 791 876 φρίττωνκαί
813 787 985 872 oinopotlos*
1004 790 1158 870 διάνοιαν,
1183 790 1263 853 eine-

163 893 272 978 np'dtor
294 889 395 963 εδθύς
423 890 465 965 ῶς
493 889 555 953 dni
586 890 694 973 πυρός.
749 886 828 954 ὅπου
863 888 925 974 γὰρ
954 898 1020 965 τοῖς
1039 890 1186 973 μεγαλοις
1209 894 1265 953 καί

135 992 292 1077 δσφόδρα
315 998 428 1073 σοφοῖς
463 990 668 1065 διδασκάλοις
691 994 811 1075 ἐκείνης
834 994 889 1071 τῆς
920 992 1086 1073 ἐκκλησίας
1116 991 1264 1054 ἀποσείε-

161 1097 243 1156 σθαι
266 1089 323 1174 την
348 1093 527 1175 ἐγχείρησιν
549 1090 729 1174 ὁλοσχερῶς
744 1096 939 1177 συνέβαινεν,
960 1082 1054 1175 ἦπου
1079 1092 1179 1172 μανία
1202 1116 1264 1157 σα-

162 1191 228 1279 φὴς
249 1191 331 1274 ἡμᾶς
353 1194 510 1274 ἐγχειρεῖν
529 1200 593 1267 τοῖς
614 1192 778 1273 τοιούτοις,
800 1194 880 1276 μηδὲ
902 1190 1002 1275 μικροὶ
1022 1196 1099 1273 γοῦν
1125 1194 1187 1256 τῶν
1203 1186 1264 1255 ὅσα

161 1292 280 1359 ἐκεῖνοι
302 1297 420 1373 μαθεῖν
441 1318 490 1355 πω
521 1295 761 1377 δεδυνημένους.
821 1296 874 1357 καί
897 1295 949 1357 ἵνα
978 1291 1014 1357 ro
1037 1297 1106 1357 κατ’
1125 1293 1265 1372 ἐμαυτὸν

162 1390 334 1473 α’ναλαβῶν
356 1391 557 1477 διηγήσωμαι
579 1393 785 1477 τελεώτερον,
813 1390 897 1467 ὅπως
928 1392 1048 1477 δηλαδή
1071 1391 1170 1473 κῶμοί
1189 1390 1266 1473 πρὸς

119 1492 222 1578 torpe
251 1492 401 1577 τοιαύτην
435 1499 467 1573 ἐξ
503 1493 607 1577 α’ρχῆς
628 1490 783 1559 ὑπόθεσιν
813 1498 1000 1579 διατεθῆναι
1029 1496 1265 1574 συμπέπτωκεν,

161 1600 235 1663 ἐπεί
253 1594 334 1677 μετὰ
356 1594 408 1660 τὸν
428 1599 484 1661 τοῦ
506 1593 676 1661 θειοτάτου
706 1602 761 1662 καί
782 1602 962 1681 μακαρίτου
984 1596 1101 1679 πατρός
1123 1619 1180 1660 σου
1202 1591 1266 1658 θοί-

161 1722 270 1779 νατον,
294 1700 352 1763 τοῦ
384 1699 534 1778 αόιδίμου
558 1701 650 1789 φημί
661 1702 819 1779 βασιλέως
843 1701 985 1778 ἐκείνου,
1007 1694 1086 1778 πρὸς
1108 1692 1265 1779 ἐμφίλιον
1276 1706 1295 1760 i.
1308 1708 1391 1765 133r.

161 1796 277 1863 στῶσιν
302 1797 339 1863 τοὶ
361 1797 529 1881 Ῥωμαίων
559 1801 680 1883 η’γέρθη
712 1799 882 1882 πράγματα
912 1798 967 1862 καί
998 1792 1065 1879 ἅμα
1096 1792 1175 1860 κατα
1201 1800 1265 1861 τῶν

162 1902 262 1964 θείων
277 1902 330 1982 τῆς
349 1898 514 1983 ἐκκλησίας
535 1899 700 1983 δογμάτων
714 1900 754 1964 τοὶ
773 1904 926 2018 χείριστα
942 1897 1022 1983 πρὸς
1038 1904 1148 1962 κακίαν
1169 1898 1265 1981 α’νέρ·

119 2021 151 2073 15
163 2024 248 2085 ρωγε
269 2026 403 2083 κυματα,
426 2026 479 2064 και
500 1998 606 2084 ῶσπερ
632 2002 665 2065 ἐν
683 2004 823 2083 χειμῶνι
845 2025 898 2064 και
921 1998 1010 2065 νυκτί
1021 2025 1060 2064 τα
1084 2000 1185 2063 πάντα
1211 1996 1266 2076 ζό-

160 2108 225 2189 ’φος
245 2127 294 2185 ην,
316 2098 359 2177 ῶς
373 2098 502 2188 μηδὲ
472 2126 618 2188 αστροις,
636 2102 670 2166 τδ
696 2097 984 2230 θρυλλγιδμειμον,
973 2124 1044 2164 οποι
1068 2094 1197 2186 φέροιτὸ
1218 2122 1265 2173 τις

163 2204 328 2304 δυνασθαι
348 2209 603 2289 τεκμαίρεσθαι,
635 2229 687 2267 και
716 2204 806 2267 πέντ’
836 2227 903 2266 ανον
925 2228 976 2267 και
1000 2200 1084 2267 καίτοι
1104 2202 1266 2282 μεταπίιιπ

161 2329 258 2369 τοντα
286 2303 372 2387 παροὶ
403 2329 551 2370 τοσουτον
583 2310 617 2370 ἐκ
641 2331 697 2371 του
727 2328 880 2427 συνεγγυς
909 2305 1006 2368 ἐτίθει
1027 2328 1059 2368 τε
1089 2327 1140 2367 και
1172 2300 1261 2421 μρὶλα

161 2410 226 2470 τῶν
246 2400 499 2486 ἐλπιζομένων
486 2406 632 2482 εκάστοις
660 2406 759 2473 ἐποίει
791 2407 824 2471 τὸ
856 2407 1052 2470 ἐπικίνδυνον
1083 2404 1159 2486 παρ’
1190 2398 1264 2465 ὅσον

118 2507 277 2591 νοπόρροο
300 2510 355 2570 καί
375 2505 508 2571 δύσελπι
530 2511 693 2594 ια’σφαλές
707 2510 769 2592 ·(έν
789 2507 850 2590 γάρ
874 2509 1062 2593 διχοστασίῃ
1092 2508 1190 2591 φησίν
1210 2500 1265 2566 τόν

161 2609 223 2689 μέν
242 2609 406 2691 πάγκακον
420 2603 598 2693 ’τυγχάνειν
619 2613 732 2693 τιμῆς,
767 2607 819 2673 τὸν
853 2612 887 2674 δέ
911 2607 965 2672 καί
996 2607 1145 2672 διιοισοῦν
1170 2607 1266 2686 μετέ-

162 2733 264 2792 χοντα
286 2712 344 2773 τοῦ
364 2715 523 2793 βελτίονος
537 2711 664 2796 θρήνων
683 2709 820 2795 πάσχειν
842 2704 915 2788 ἄξια
935 2711 990 2774 καί
1007 2710 1161 2793 τραγικῶν
1184 2707 1267 2770 α’πο-

163 2811 279 2875 λαίειν
298 2815 361 2876 τῶν
384 2815 599 2899 συμφορῶν),
632 2814 696 2876 τῶν
718 2817 895 2897 κρατίστων
926 2804 1011 2875 εἶναί
1027 2832 1084 2891 μοι
1105 2806 1161 2874 τδν
1182 2799 1266 2890 q‘oo'-

163 2935 239 2997 χιον
258 2910 363 2993 ἔδοξεν
383 2917 453 2995 βίον
474 2907 624 2996 ἑλέσθαι,
649 2917 712 2980 τῶν
737 2903 910 2997 βασιλικῶν
939 2913 1088 3002 οἷφεμένρι
1112 2908 1266 2994 θεάτρων.

167 3202 280 3267 omitto,
307 3218 366 3253 cum
391 3206 528 3271 angumms
558 3206 686 3271 temporis
704 3205 865 3256 vitare-non
885 3203 993 3270 possim.
1041 3201 1173 3269 Gregoras
1192 3202 1267 3254 refe.

167 3290 252 3326 rens:
275 3274 412 3340 equidem,
438 3277 543 3343 inquit,
570 3293 628 3326 cum
657 3292 690 3327 er
715 3275 797 3344 longo
818 3284 945 3342 tempore·
964 3272 1121 3340 theologiae
1140 3275 1268 3340 mysteria
1346 3311 1349 3317 .
1380 3300 1387 3322 t

169 3347 198 3396 in
219 3361 267 3396 ore
286 3344 388 3396 habere
415 3362 470 3398 non
488 3347 567 3398 valde
586 3349 729 3411 auderem,
754 3348 803 3400 sed
823 3362 912 3397 corum
933 3354 960 3396 ct
983 3347 1076 3396 lamam
1097 3353 1123 3395 et
1142 3345 1268 3396 iudicium

170 3417 325 3481 horrerem,
351 3419 438 3469 statim
463 3427 586 3486 tanquam
616 3420 649 3471 ab
672 3420 736 3487 igne
755 3436 798 3470 me
823 3419 936 3469 removi.
973 3433 1032 3468 nam
1051 3415 1096 3467 ubi
1117 3417 1219 3483 magnis
1242 3424 1268 3467 et

170 3489 252 3540 ualde
271 3489 356 3540 doctis
371 3490 591 3556 praeceptoribus
604 3491 679 3542 illius
697 3491 831 3543 ecclcsiae
849 3489 1103 3541 administrationem
1117 3496 1146 3539 nt
1160 3489 1267 3539 omnino
1312 3493 1315 3497 '

123 3577 131 3590 ‘
172 3569 331 3612 excuterent
349 3563 455 3626 accidit,
475 3577 565 3613 nonne
584 3571 677 3629 aperte
702 3564 878 3614 insaniremus
905 3563 926 3612 si
954 3561 1019 3612 talia
1045 3568 1160 3612 tractare
1177 3559 1267 3610 selle·
1347 3557 1350 3566 '

171 3648 241 3696 mus,
262 3647 321 3683 cunr
339 3649 375 3684 ne
393 3648 478 3699 pauca
498 3635 602 3702 quidem
623 3650 713 3685 eornm
733 3651 802 3702 quae
821 3633 864 3684 illi
884 3635 987 3684 discere
1004 3633 1178 3715 potuerimus.
1225 3639 1268 3682 ut-

173 3721 225 3772 que
243 3711 274 3754 ut
290 3706 343 3755 mei
361 3707 465 3757 ratione
494 3707 583 3757 habita
601 3706 708 3772 planius
730 3721 876 3772 exponam,
899 3721 951 3773 quo
971 3706 1057 3755 animo
1078 3701 1205 3770 paulatim
1224 3702 1267 3754 al-

173 3778 261 3828 tectus
280 3777 329 3830 siro
347 3778 375 3827 in
394 3777 448 3828 talc
473 3786 551 3829 antea
579 3786 737 3844 conceptum
755 3777 939 3844 propositum,
969 3791 1046 3838 cum,
1072 3781 1176 3826 mortuo
1195 3775 1268 3827 divi..

172 3849 284 3901 nissimo
305 3857 331 3900 et
348 3848 427 3900 beato
445 3858 521 3916 patre
541 3858 597 3914 tuo,
618 3850 691 3900 claro
710 3849 760 3900 illo
780 3864 857 3916 rege,
875 3863 918 3898 res
939 3847 1127 3900 Graecorum
1120 3862 1147 3896 m
1166 3845 1267 3897 turnul-

173 3930 228 3972 tum
248 3920 357 3971 civilem
375 3921 571 3973 adducerentur
590 3931 617 3972 et
635 3921 729 3972 fluctus
747 3921 913 3971 miserrimi'
906 3935 933 3969 m
953 3920 1043 3970 divina
1064 3905 1197 3970 ecclesiae
1216 3920 1266 3970 do-

173 3999 263 4060 gmata
280 4002 483 4058 prorumperent
502 4002 528 4044 et
547 3993 623 4045 velut
641 4000 734 4044 coorta
755 3999 913 4058 tempestate
934 3999 960 4042 et
985 3999 1065 4041 noete
1083 3992 1169 4044 omnia
1187 3999 1268 4042 tene..

173 4065 230 4115 bris
249 4071 340 4115 essent
357 4064 488 4129 involuta,
508 4067 545 4116 ita
564 4073 602 4129 ut,
622 4065 692 4132 quod
711 4064 794 4132 vulgo
815 4065 905 4116 dicere
926 4062 1033 4127 solent,
1052 4077 1140 4123 nemo
1160 4079 1174 4114 e
1193 4063 1268 4114 side.

173 4137 249 4188 ribus
268 4135 402 4202 colligere
421 4145 531 4203 posset,
561 4153 614 4206 quo
633 4138 762 4199 ferretur,
783 4151 895 4202 cumque
915 4136 1002 4185 omnia
1021 4135 1158 4201 surgentia
1180 4143 1206 4186 et
1221 4149 1269 4185 ca-

174 4208 266 4259 dentia
288 4215 397 4259 eatenus
413 4224 464 4292 pro
485 4211 675 4260 coniunctione
694 4209 842 4258 excitarent
861 4215 887 4257 et
905 4208 1017 4258 maxime
1039 4221 1078 4270 ea,
1106 4223 1175 4273 quae
1194 4206 1270 4273 quis-

174 4295 227 4347 que
246 4287 386 4345 speraret,
411 4282 439 4333 in
463 4281 610 4365 periculum
641 4287 785 4342 vocarent,
804 4287 933 4346 quatenus
956 4285 1058 4328 remota
1087 4287 1113 4328 et
1131 4279 1271 4359 desperata

175 4351 445 4409 συνειστιῶντο
462 4356 491 4408 in
508 4354 619 4408 serlione
648 4354 783 4426 aitpoeta
804 4351 947 4419 pessimum
967 4365 1074 4420 quoque
1092 4349 1199 4418 assequi
1218 4346 1269 4400 ho-
