3184 5100
333 408 405 481 oto
444 398 460 443 i
639 406 865 477 urouarmnr
895 404 1125 475 cuncontn

252 559 269 586 ⁴
331 574 393 659 μόν
412 595 446 637 τε
467 570 522 637 καί
544 570 663 657 ἥμερον
696 572 729 635 ἒν
756 574 879 657 βραχεῖ
904 571 961 654 τὴν
994 569 1071 653 πρίν
1099 566 1215 653 ἀγρίαν
1236 563 1376 649 ἐκείνην
1399 564 1461 628 καί

193 693 212 749 f,
230 675 455 761 ρ5ςη,ληστιῦν
475 672 638 757 γέμουσαν
662 670 801 758 Θρηίκην.
843 672 988 754 δεάτερυν
1012 670 1041 733 δ’
1064 664 1113 733 ὅτι
1131 667 1188 730 τοῦ
1211 666 1342 752 θέρους
1382 662 1457 729 ἀνί-

266 796 413 857 ιςκμου
436 774 518 837 πάνυ
540 797 570 835 τι
592 772 664 837 λίαν
696 769 868 857 φανέντος,
892 774 1041 835 τοσοῦτον
1070 767 1157 833 οἴνου
1185 774 1259 842 ταῖς
1281 763 1456 849 ἀμπέλοις

332 878 455 959 πλῆθος
476 874 727 961 καρποφορῆσαι
738 872 975 954 ,συμπέπτωκεν
992 868 1042 946 ἀἷς
1057 871 1134 954 μηδ’
1158 868 1366 953 ἀποχρῶντα
1378 872 1455 939 ’τοῖς

333 980 460 1050 πολλοῖς
486 970 642 1059 ῦπάρχειν
664 974 709 1049 εἰς
736 969 901 1055 ἀποδοχὴν
931 972 1059 1056 ἀγγεῖα·
1116 968 1271 1033 διπλάσια
1298 965 1371 1052 γὰρ
1395 965 1472 1045 καίς

333 1075 506 1161 τριπλάσια
527 1082 593 1150 τοῖς
615 1074 773 1149 πλείστοις
793 1067 814 1155 ἢ
835 1068 914 1136 κατά
931 1072 987 1155 τὴν
1007 1071 1125 1156 πέρυσι
1135 1066 1244 1155 γέγονε
1265 1068 1451 1152 γεωργίαν,

333 1175 402 1242 ἔστι
424 1179 453 1240 δ’
477 1168 523 1251 οἷς
543 1175 598 1239 καί
619 1176 651 1251 ἐς
664 1176 699 1239 τὸ
721 1172 953 1259 τετραπλάσιον
976 1171 1111 1256 ἀνήχθη,
1133 1166 1178 1245 οῦς
1199 1167 1311 1252 κοινὴν
1338 1167 1449 1231 ἀπαν-

333 1302 390 1352 τας
420 1275 515 1354 δόξαν
545 1275 605 1353 κάξ
636 1273 711 1360 ὅλης
744 1273 952 1360 εὐχαριστίαν
981 1275 1091 1355 ψυχῆς
1120 1272 1167 1356 τεῦ
1185 1267 1227 1335 τά
1244 1266 1397 1353 μέγιστά
1417 1294 1449 1334 τε

306 1362 389 1447 ’καί
412 1377 580 1463 παράδοξα
606 1383 672 1453 τοῖς
704 1378 736 1452 ἐς
767 1374 808 1441 τὰ
829 1378 885 1459 τῆς
908 1372 1118 1465 ἀπογνώσεως
1134 1370 1256 1451 ἔσχατα
1280 1370 1448 1456 ἐρριμμέ-

334 1502 400 1555 νοις
423 1474 660 1565 ἀπροσδόκητον
680 1500 750 1541 τινα
772 1478 828 1541 καί
848 1476 931 1540 πάνυ
952 1500 984 1541 τι
1014 1472 1205 1557 θαυμασίαν
1225 1476 1479 1558 παρεχεμένιηιιρ

335 1575 391 1662 τὴν
413 1576 546 1665 ἔγερσιν,
568 1578 629 1641 κάκ
649 1580 712 1641 ττῦν
735 1576 885 1661 ἀβόσσων
904 1579 961 1660 τῆς
970 1579 1029 1661 γῆς
1049 1574 1233 1656 ἀναιροῦντι,
1253 1571 1319 1635 κάκ
1342 1574 1449 1657 πηλοῦ

337 1678 423 1756 ι’λόος
448 1678 594 1765 ἀνοίγοντι
613 1664 673 1743 καί
689 1676 743 1744 ἐπί
765 1678 885 1765 πέτραν
908 1666 1071 1743 ἀτινακτσν
1093 1671 1165 1752 τοῦς
1184 1673 1288 1749 πόδας
1314 1670 1449 1739 ἱστῶντι

336 1783 400 1845 τῶν
418 1783 588 1865 λογισμῶν.
1157 1781 1160 1785 ”

198 1960 203 1963 .
273 1904 326 1959 10
438 1874 522 1947 Εἶεν.
574 1877 643 1968 ἀρετ
673 1884 702 1947 δ’
736 1878 916 1966 ἀρχομένου
944 1882 1001 1945 τοῦ
1024 1879 1238 1966 ρδινσποόρον
1274 1877 1451 1962 διατριβῆς

339 1982 442 2049 elveno
464 2007 547 2059 τινος
565 1985 628 2048 καί
642 1982 857 2068 ψυχαγωγίας
876 1981 1009 2067 μετρίας
1041 1977 1119 2066 ἄχρι
1141 1978 1359 2065 Σηλυμβρίας
1380 1979 1479 2055 §ie-15

339 2084 493 2170 ληλυθότι
512 2086 559 2169 τρῖ
578 2086 711 2167 βασιλεῖ
728 2082 893 2169 πρόσεισιν
923 2083 958 2146 ἐκ
976 2082 1099 2166 Βιζδης
1120 2077 1284 2163 Μανουὴλ
1306 2074 1450 2144 δἈσόν

338 2184 373 2250 τό
397 2188 452 2249 τοῦ
475 2184 630 2250 δεσπότου
655 2184 781 2267 ἀξίωμα
803 2182 1040 2269 περικείμενος,
1062 2179 1081 2247 δ
1101 2178 1163 2267 πρό
1183 2182 1274 2245 δυοῖν
1297 2181 1384 2244 ἐτῶν
1404 2179 1448 2240 εῖ-

230 2364 235 2373 ,
339 2286 436 2373 λη’φει
457 2284 536 2373 πρός
560 2286 742 2356 Ματθαίσυ
774 2284 844 2350 τότε
873 2282 1096 2368 βασιλεόοντός
1115 2304 1150 2345 τε
1169 2281 1225 2345 καί
1245 2280 1330 2345 κατὰ
1356 2280 1448 2368 Θρηί-

340 2412 397 2473 κην
427 2370 610 2470 ὁμιλοῦντος
648 2385 734 2473 αδτηῖ
762 2386 985 2469 συμμαχοῦντι
1024 2381 1104 2448 κατὰ
1143 2385 1207 2448 τῶν
1238 2381 1448 2462 Βυζαντίων.

341 2482 397 2575 ἧκε
423 2490 458 2554 δὲ
479 2486 532 2554 τόν
550 2488 711 2575 τράχηλον
738 2485 907 2571 δεδεμένος
934 2482 1061 2549 οἴκοθεν
1089 2486 1144 2549 καὶ
1176 2489 1287 2566 τυχεῖν
1311 2493 1479 2567 cuano-tl

342 2591 433 2666 δείας
453 2591 601 2671 δεόμενος
636 2587 690 2653 ἀτε
718 2590 874 2664 έπταικως
905 2587 943 2652 οὗ
969 2586 1071 2675 μικρὰ
1105 2585 1159 2652 διὰ
1184 2585 1244 2662 τοὶς
1263 2586 1331 2650 τιῦν
1350 2584 1450 2670 τριῶν

341 2686 403 2774 ἤδη
422 2691 500 2754 έτιῦν
521 2687 698 2774 ἐπιδρομὰς
725 2689 780 2753 καί
810 2686 1016 2774 καταδρομὰς
1043 2686 1099 2752 καί
1123 2684 1315 2771 λεηλασίας,
1353 2683 1395 2760 ἃς
1417 2685 1448 2747 ἐν

341 2791 462 2876 Βιζάης
483 2787 669 2874 όρμιίμενος
692 2789 828 2854 ἐνεποίει
845 2795 911 2865 τοῖς
931 2788 1133 2875 προαστείοις
1161 2790 1225 2852 τῦν
1241 2779 1448 2867 Βυζαντίων,

343 2889 430 2955 κάων
461 2890 517 2956 καί
546 2887 731 2974 ληϊζόμενος
760 2886 876 2976 ἀγροῦς
901 2890 958 2954 καί
986 2889 1143 2977 γεωργίαις
1172 2884 1301 2964 ἀποίσεις
1331 2884 1448 2962 αὐτῶν,

344 3164 424 3222 breui
443 3175 515 3221 estet
532 3166 643 3222 lbracia
661 3168 720 3221 iera
739 3167 803 3221 olim
823 3174 850 3221 et
867 3167 1001 3241 latronum
1019 3167 1110 3236 plena.
1138 3164 1235 3218 ‹leiutle
1254 3163 1381 3234 ventris
1401 3163 1450 3218 acl.

343 3240 448 3292 modurn
470 3245 594 3293 aestuosa
612 3242 671 3294 visa
698 3249 769 3293 esset
788 3247 891 3304 aestas,
916 3247 1005 3292 tumen
1027 3247 1101 3291 toute
1118 3239 1175 3291 riui
1201 3238 1280 3304 copia
1304 3237 1380 3288 latta
1400 3245 1450 3301 ent,

344 3319 374 3364 at
391 3311 513 3379 plurimis
532 3327 596 3364 vanu
614 3313 771 3364 defecerint.
816 3310 918 3378 duplex
936 3313 1006 3362 enirn
1033 3319 1060 3362 et
1088 3310 1188 3377 triplex
1213 3307 1360 3376 permultis
1389 3323 1449 3360 cnm

345 3383 435 3450 priore
455 3397 524 3436 enno
544 3392 694 3450 comparatu
706 3385 802 3436 messis
820 3384 882 3447 luit,
900 3383 1055 3450 quibusdam
1068 3380 1234 3451 quadruplex
1252 3381 1322 3432 lacta
1343 3387 1396 3445 est,
1415 3381 1451 3430 ita

345 3461 375 3507 ut
393 3455 482 3506 cuncti
507 3467 672 3506 communem
695 3454 823 3523 bonorem
848 3463 876 3505 et
900 3455 1012 3522 gratiam
1032 3469 1065 3506 en
1091 3455 1186 3504 intima
1208 3453 1290 3503 unitim
1314 3453 1451 3503 sententia

346 3526 451 3594 egerint
471 3526 531 3590 deo,
551 3527 596 3594 qui
615 3527 836 3578 contracuntem
854 3527 1008 3592 opinionem
1028 3526 1068 3576 eis
1087 3525 1179 3592 quiin
1198 3539 1328 3574 mntem
1348 3524 1451 3590 denpe.

345 3599 476 3650 rationem
496 3605 636 3662 venerunt,
655 3598 819 3664 inopinatam
842 3604 869 3648 et
886 3596 1033 3648 mirabilem
1052 3597 1249 3656 recreationem
1267 3594 1450 3661 praebuisset.

347 3669 392 3738 qui
415 3669 578 3735 eproiuudo
598 3677 686 3720 terrae
704 3667 813 3720 sustulit
831 3677 860 3721 et
879 3684 913 3718 ex
931 3676 1051 3720 stercore
1076 3668 1191 3720 detraxit
1215 3674 1242 3717 et
1260 3667 1289 3716 iu
1308 3681 1377 3734 rupe
1398 3667 1451 3718 in.

346 3739 468 3794 mutabili
487 3741 679 3809 cogitationum
700 3741 782 3808 pedes
802 3739 960 3792 collocavit.
996 3753 1082 3790 umen.

447 3836 642 3916 Quamprimum
668 3844 807 3888 autumnus
832 3834 892 3887 ieri
922 3837 1014 3902 coepit
1038 3835 1218 3887 commorandi
1248 3841 1277 3885 et
1303 3834 1386 3903 enimi
1404 3850 1450 3885 re-

347 3907 454 3960 creandi
477 3923 556 3959 causa
575 3923 657 3980 quum
672 3922 721 3958 rex
739 3907 912 3973 selymbriam
931 3921 1017 3974 usque
1043 3908 1223 3974 pervenisset,
1243 3907 1320 3957 venit
1338 3906 1372 3957 uel
1393 3921 1450 3956 eutn

347 3995 362 4029 c
383 3977 467 4044 Bizye
485 3979 590 4034 blunuel
615 3983 686 4032 Aean
711 3979 810 4031 domiui
836 3979 994 4046 petitionem
1020 3979 1173 4045 prolaturus
1199 3993 1276 4044 quum
1301 3984 1367 4028 cute
1385 3977 1450 4028 duos

349 4061 434 4101 uanos
452 4064 468 4099 ε
488 4051 621 4102 lluttlrneo
642 4059 695 4101 tum
714 4058 844 4118 regnante
864 4057 891 4100 et
908 4051 936 4101 in
948 4049 1059 4101 Threcia
1081 4065 1170 4102 secum
1188 4048 1374 4116 colloquente,
1396 4048 1449 4113 By.
1500 4074 1501 4077 =

302 4164 308 4172 .
349 4120 497 4172 nuntiorum
527 4123 601 4172 socio
613 4123 823 4188 impetraverat.
865 4122 911 4173 sed
941 4123 1051 4173 cervice
1067 4120 1186 4173 vinculis
1211 4120 1357 4170 constricta
1374 4119 1448 4170 domo

347 4191 423 4244 veuit
444 4198 470 4242 et
488 4198 518 4247 nt
534 4193 671 4243 miseratio
698 4193 748 4244 ribi
776 4193 854 4243 lieret
873 4193 968 4258 petiit,
989 4209 1068 4260 quum
1093 4193 1193 4260 septies
1217 4205 1266 4258 per
1293 4198 1350 4242 tres
1368 4204 1448 4242 onnus
1500 4226 1501 4259 3

346 4262 545 4314 incursionibus
566 4269 593 4312 et
613 4263 830 4329 pnncdetionibus
850 4279 915 4332 quus
935 4280 968 4316 ex
980 4265 1065 4331 Binyu
1085 4265 1196 4317 iecisset
1212 4277 1267 4315 uon
1288 4274 1374 4330 parve
1394 4263 1448 4328 By-

348 4332 446 4388 aantiis
467 4333 560 4386 δεεσσε
577 4333 886 4400 attulisset‚.comtustts
906 4345 935 4390 et
951 4337 1062 4404 direptis
1080 4337 1153 4405 egris
1178 4343 1206 4388 et
1225 4333 1332 4387 culture
1349 4336 1446 4402 ‹leper-

413 4421 424 4443 χ
1500 4410 1501 4417 ,
