3184 5100
333 389 407 465 552
632 392 858 461 NICEPHORI
885 392 1116 461 GREGORAE

333 558 445 638 ἔλαθε,
481 583 557 646 πριν
587 556 692 622 ὁτιοῦν
719 556 962 621 andreaea*
922 582 977 640 της
1008 559 1169 641 σπουδῆς,
1197 556 1372 643 φρενίτιδι
1394 556 1453 621 καί
1505 599 1506 604 1

332 666 433 755 μανίη
454 664 597 743 κάτοχος,
621 658 663 737 ὦς
668 656 809 781 εἰρηται,
831 656 965 745 γεγονώς
987 658 1041 723 όιοὶ
1061 657 1233 780 ξηρότητος
1255 655 1450 781 όπερβολην
1505 659 1506 672 ’

333 768 521 854 ἐγκεφάλου.
562 763 618 827 καὶ
641 760 680 826 τὰ
702 755 774 845 ἑξῆς
795 758 995 845 λεγόντων(
977 765 1059 843 ομοῦ
1080 786 1133 824 και
1155 758 1353 845 γραφόντων
1376 754 1447 821 ἑτέ-

334 892 400 955 ρων
420 867 504 933 ἐστιν
526 864 661 928 όκοόειν.
704 859 822 947 οὐγὰρ
844 861 1049 941 ὀνειδίζοντες
1068 860 1260 944 μεμνήμεθα
1282 862 1353 923 τῶν
1375 884 1446 923 τοι-

333 971 433 1036 οότων
452 968 545 1055 ἡμεῖς
564 968 635 1033 νόν·
690 962 783 1049 ἴσμεν
815 963 877 1050 γὰρ
900 961 945 1043 οἷς
976 969 1126 1049 πονηροῖς
1143 986 1178 1026 τε
1210 962 1266 1025 καί
1299 959 1469 1045 όγαθυῖςὸ

332 1074 381 1137 ἐπ’
407 1070 478 1155 ἴσης
514 1068 619 1133 ἔπεισι
641 1067 681 1131 τὰ
701 1067 824 1143 τοιαόί,
860 1059 907 1143 οἷς
935 1064 1030 1149 μόνος
1061 1057 1129 1128 οἷόε
1147 1063 1285 1146 κρίμασι
1305 1060 1442 1145 κόριος·

335 1170 417 1237 ἀλλὰ
436 1173 498 1235 τῶν
518 1172 574 1293 της
600 1168 743 1254 ἱστορίας
764 1167 952 1289 ἐγκειμένων
973 1173 1120 1248 νομίμων
1136 1163 1192 1227 καί
1211 1166 1291 1227 καθ’
1315 1164 1442 1228 ἕκαστα

333 1268 544 1356 ζητοόντων“
531 1267 672 1344 α’παντα,
703 1268 840 1352 μετρίως
864 1265 964 1351 ἡμεῖς
997 1266 1052 1330 καί
1080 1289 1143 1328 των
1162 1263 1314 1327 τοιοότων
1336 1260 1442 1325 ἆπτό-

263 1377 428 1457 Ημεθαζ
473 1369 494 1433 ἆ
487 1367 745 1453 πλατύτερον
729 1391 848 1453 ετεροι
844 1364 1048 1445 όιεξιέναι“
1026 1368 1127 1451 ηκιστ’
1149 1364 1317 1431 όκνοῦσιν
1369 1362 1439 1425 ἀλλ’

330 1474 438 1558 ἐκείνῳ
460 1472 516 1557 τὴν
540 1470 644 1535 αιτιάν
662 1472 776 1555 σαφῶς
797 1493 842 1555 τω
828 1470 987 1551 ’δαίμονι
1008 1468 1332 1554 παραπέμπουσιν,
1316 1455 1345 1531 ὦ
1367 1491 1438 1529 πω-
1449 1476 1478 1529 10

329 1575 419 1660 νηριό
440 1571 593 1659 γενομέναν
619 1567 673 1635 διὰ
694 1571 879 1655 βουλήσεως
900 1571 1087 1655 μοχθηρίαν
1101 1568 1249 1653 καθάπερ
1270 1594 1321 1643 τις
1343 1570 1438 1654 έφεῖ

328 1698 383 1738 τοι
405 1676 522 1758 κλῆρος
543 1672 662 1748 όῖόιος,
684 1674 747 1734 τῶν
775 1671 879 1735 ἄλλοτ’
904 1668 1008 1746 ἄλλως
1037 1668 1207 1755 φυομένων
1229 1669 1343 1734 τεκαὶ
1364 1670 1437 1733 έπε-

244 1852 249 1863 «
331 1774 501 1862 φυομένων
521 1796 555 1837 τε
576 1772 632 1837 καί
653 1772 878 1857 ἐπιφυομένων
909 1769 991 1835 κατὰ
1010 1774 1065 1856 τῆς
1083 1773 1140 1835 τοῦ
1161 1773 1240 1834 θεοῦ
1262 1771 1437 1855 ἐκκλησίας

329 1874 486 1959 ἡγεῖσθαί
502 1897 536 1938 τε
556 1870 713 1957 αἱρέσεων
741 1874 796 1937 καί
832 1872 935 1937 πιόντα
958 1874 1039 1957 όρᾶν
1068 1869 1108 1935 τὰ
1125 1870 1340 1952 χαλεπώτατα
1362 1876 1434 1934 κατ’

330 1976 488 2053 ἐξουσίαν,
509 1973 565 2039 καί
589 1972 655 2056 ἅμα
678 1974 837 2058 ἐρεθίζειν
856 1972 888 2051 ἔς
907 1998 943 2058 γε
964 1972 998 2036 τό
1021 1973 1168 2037 utrium
1190 1970 1304 2057 ἁγίους
1325 1972 1433 2057 αόθη-
1445 1985 1476 2036 15

327 2074 443 2159 μερόν,
474 2074 529 2139 καί
558 2076 645 2138 ταῦτ’
677 2075 817 2153 ἐκείνους
853 2073 887 2137 οἳ
913 2069 969 2157 τὴν
998 2076 1054 2157 τῆς
1079 2074 1228 2157 λατρείας
1258 2071 1435 2157 ἡγεμονῶν

327 2180 434 2266 ἐκείνῳ
456 2204 489 2242 τε
508 2177 725 2256 ἐκόεόιόκασι,
756 2177 812 2242 καί
835 2175 918 2254 όπας
951 2175 1065 2253 αὐτούς
1084 2202 1138 2241 και
1168 2177 1239 2258 βίος
1259 2175 1317 2239 καί
1340 2174 1435 2256 λόγος

327 2280 383 2344 και
406 2284 521 2367 πρᾶξις
551 2283 607 2346 τοῦ
628 2282 691 2345 τῶν
710 2277 898 2400 όρθοόοᾜων
928 2276 1030 2341 πόλοι
1051 2275 1208 2401 όιέγραψέ
1227 2300 1262 2339 τε
1296 2276 1355 2340 καί
1374 2299 1433 2339 πε-

329 2386 429 2465 ριεῖλε
446 2382 567 2467 χοροῦ,
599 2382 652 2444 ι’να
675 2378 720 2463 μὴ
749 2376 879 2455 ὁπόσοις
908 2379 989 2463 λέγω
1022 2376 1077 2442 καί
1096 2374 1151 2463 ὑφ’
1174 2374 1260 2441 όσων
1279 2400 1344 2440 των
1368 2403 1433 2439 πα-

327 2483 492 2565 τριαρχῶν
522 2504 555 2543 τε
592 2481 648 2545 καί
679 2478 863 2545 ἐπισκόπων
901 2478 1062 2567 φυομένης
1088 2473 1150 2563 ἤδη
1180 2481 1236 2561 τῆς
1274 2476 1473 2564 αἱρέσεως20

328 2578 568 2663 αναθέμασιν
553 2580 772 2704 εμπεσόμτες
762 2584 808 2667 τιό
830 2581 948 2668 αιωνίῳ
977 2605 1058 2666 πυρι
1052 2577 1375 2666 παρεπέμφθησαν.

261 2695 316 2749 46
1331 2705 1433 2745 εκεινο

205 2780 577 2867 ῐ.27οι.ἒπαναλήφομαι
594 2783 659 2846 νῦν.
680 2780 710 2846 οἱ
729 2780 792 2867 γὰρ
812 2806 848 2846 το
839 2778 891 2848 Γ
891 2781 1129 2866 αλατωνυμον
1116 2780 1241 2862 ἔχοντες
1263 2780 1432 2869 φρούριον,
1504 2792 1505 2799 ’

396 2959 441 3010 22.
461 2959 536 3024 Quae
554 2959 618 3013 hino
636 2967 793 3046 sequuntur,
812 2975 899 3030 usqne
919 2961 953 3012 ad
969 2961 1047 3012 iinem
1066 2958 1145 3010 haina
1165 2959 1276 3023 codicia,
1293 2973 1350 3011 non
1369 2967 1432 3012 annt

397 3027 476 3082 huino
495 3031 549 3083 loci
569 3033 616 3085 aed
634 3039 697 3085 ante
712 3033 819 3113 initium
834 3032 897 3085 libri
917 3029 952 3085 3⁷
971 3029 1056 3132 (355)
1076 3029 1206 3083 collocari
1226 3030 1335 3084 debent.
1355 3031 1422 3084 iim.
1503 3048 1504 3055 ¹

323 3196 381 3248 bri.
403 3204 430 3248 et
448 3178 588 3266 aequantia
607 3197 640 3250 ab
659 3197 720 3250 aliis
736 3199 885 3252 dicentibus
904 3196 982 3250 aimnl
1002 3197 1214 3250 etacribentibua
1234 3198 1327 3250 audire
1347 3197 1431 3250 lieet.
1502 3192 1503 3199 ’

323 3269 500 3336 nequeenim
527 3277 553 3320 et
571 3277 741 3322 accusatores
767 3269 831 3322 talia
860 3285 910 3322 noa
935 3285 1006 3322 nuno
1024 3269 1208 3321 meminimna·
1239 3271 1337 3322 acimna
1357 3272 1430 3322 enim

322 3339 399 3390 maiia
418 3339 497 3392 aimnl
519 3347 545 3392 et
563 3339 640 3392 bonia
662 3342 816 3424 parimodo
835 3341 899 3392 talia
918 3341 1059 3392 immittere
1072 3341 1204 3392 dominnm
1220 3341 1337 3404 iudiciis,
1357 3358 1430 3409 qnae

322 3411 399 3462 novit
419 3409 503 3461 noina.
540 3411 587 3464 aed
615 3427 648 3462 ex
667 3413 700 3462 iis
719 3428 786 3480 qnae
806 3421 867 3464 aunt
892 3414 919 3464 in
939 3411 1077 3463 historia
1070 3420 1139 3462 rosia
1165 3420 1192 3464 et
1210 3411 1320 3480 singola
1337 3415 1431 3464 omnia

323 3487 465 3549 quaerunt,
485 3488 579 3534 αιτιοι
599 3483 678 3533 etiarn
705 3483 810 3535 modice
832 3499 864 3536 ea
889 3483 1059 3550 attingimus,
1085 3499 1153 3550 quae
1172 3483 1280 3550 longuis
1298 3488 1431 3551 persequi

322 3552 370 3604 alii
389 3553 496 3604 minime
516 3561 690 3605 cunctantur.
717 3556 764 3606 aed
783 3548 875 3621 apert5
896 3555 923 3606 ei
942 3555 1065 3606 daemoni
1089 3554 1193 3621 cuipam
1213 3553 1358 3618 ascribunt,
1382 3557 1431 3606 cui

321 3623 392 3674 malo
422 3623 491 3674 iacto
518 3640 567 3690 per
593 3624 737 3676 volontatis
764 3628 910 3694 nequitiem
938 3625 1013 3692 quari
1032 3640 1090 3676 rora
1118 3625 1244 3692 quaedam
1265 3625 1365 3677 tributa
1385 3638 1432 3680 est

321 3695 488 3761 perniciosa,
514 3695 661 3762 principem
687 3713 746 3748 esse
765 3696 917 3749 haeresium
941 3696 986 3747 hic
1007 3695 1065 3747 illio
1090 3705 1182 3748 eontra
1200 3698 1253 3748 dei
1280 3697 1430 3750 ecclesiam

320 3767 485 3817 nascentium
516 3783 547 3818 ae
572 3767 768 3818 renascentiam
787 3777 815 3820 et
842 3769 956 3835 peaoima
975 3783 1096 3835 quaeque
1130 3768 1219 3820 iacere
1248 3782 1297 3835 pro
1320 3769 1429 3820 viribus
1500 3786 1501 3789 ¹

321 3836 389 3897 onia,
411 3837 544 3906 aimulqna
569 3847 672 3890 certare
692 3840 818 3890 continuo
845 3848 937 3890 contra
967 3841 1240 3906 repraesentationem
1259 3848 1427 3892 sanctorum.
1500 3838 1501 3843 ’

320 3911 401 3971 atqua
428 3907 495 3960 haec
526 3911 631 3977 quidem
661 3907 723 3960 iiloa
744 3912 788 3978 qui
816 3911 936 3962 cuitua
929 3913 1067 3978 imperinm
1093 3912 1117 3961 ei
1146 3911 1311 3962 tradiderunt
1340 3919 1427 3980 atque
1500 3952 1501 3965 r

322 3975 407 4026 omnia
438 3985 464 4028 et
492 3980 548 4031 vita
571 3988 598 4032 et
621 3981 716 4048 agendi
747 3981 815 4032 ratio
843 3982 876 4033 ab
897 3983 1054 4034 orthodoxia
1079 3983 1233 4033 discernunt
1256 3989 1283 4033 et
1300 3996 1317 4032 a
1336 3982 1424 4035 choro

320 4055 480 4113 segregant.
499 4066 533 4101 ne
553 4052 637 4103 dicam
656 4067 672 4104 a
694 4060 759 4120 quot
777 4054 828 4103 iam
848 4061 875 4106 et
893 4054 1053 4120 patriarchia
1072 4062 1100 4104 et
1118 4053 1343 4122 episcopiaqnnm
1354 4069 1423 4105 nns-

319 4124 426 4168 ceratur
452 4119 621 4186 haeresia,
614 4139 641 4175 ιο
672 4124 839 4176 anathemata
863 4126 1062 4191 incidentes,
1055 4142 1083 4178 ιο
1101 4132 1238 4177 aeternum
1256 4125 1346 4192 ignem
1367 4128 1426 4178 nint

319 4187 437 4241 damiani.
475 4199 553 4258 atque
572 4191 638 4245 hoec
657 4195 764 4264 quidem
783 4197 921 4250 hactenus.

364 4285 476 4340 iana
494 4300 560 4339 raro
584 4302 616 4346 eo
637 4291 707 4350 unda
721 4291 856 4370 deelinrrvi
875 4299 1005 4353 revertas.
1041 4293 1088 4362 qui
1108 4291 1260 4348 Galatoron
1278 4292 1424 4348 cantellum
