3184 5100
232 431 234 440 ‘
275 439 499 507 nssnoarsu
527 440 784 509 onzlnnuls
807 427 1095 510 xxviiii-5.
1189 434 1266 509 sto·

158 599 283 716 συχνός
307 602 458 666 α’κοόοντί
475 625 509 666 τε
542 609 595 668 καί
630 605 830 723 όφοριομένηι
860 605 940 670 sassi
970 605 1024 687 τῆς
1046 605 1163 678 οἰκείας
1182 605 1265 686 ζωῆς
1366 673 1374 688 ἱ

157 697 213 773 τός
243 701 415 821 ε’πιβρρλός
451 707 747 784 συοκευαζομένος,
782 707 843 769 τῶν
873 703 1128 788 ἀναγκαιοτάτων
1158 702 1264 782 ἔδοξεν

126 789 240 863 είναι
266 803 342 882 πρός
365 801 421 866 τόν
445 805 508 866 τεόν
538 805 742 884 Τριβαλῶν
726 801 864 888 η’γεμόνα
881 806 1014 889 Κρόλην
1036 829 1107 885 περι
1131 829 1265 885 συμμα-

155 906 233 982 χίας
254 905 555 986 διαπρεσβεύεσθαι.
600 908 648 978 ἐς
653 903 715 987 γόρ
738 907 861 970 τοσοῦτ’
893 905 1101 982 οἷοθενείιας
1082 907 1199 990 ρυῆναι
1221 901 1262 968 τό

134 998 327 1082 5Ριυμαίιον
351 1003 561 1088 ουνερρυῆκει
587 1003 760 1088 πράγματα
782 1003 842 1069 διό
857 1007 915 1080 τός
938 1008 1116 1092 ἐμφυλίους
1139 1001 1260 1086 μόχος,

158 1104 201 1176 οὖς
226 1105 301 1188 μηδ’
331 1101 416 1186 ἔχειν
445 1103 517 1178 τοός
549 1097 664 1186 όρχειν
698 1109 869 1182 ἐθέλοντας
901 1107 983 1191 μῆτε
1011 1109 1123 1191 σφίσιν
1153 1097 1262 1181 αότοΐς

156 1201 239 1285 μηθ’
261 1204 293 1268 σί
314 1207 425 1291 σφίσιν
448 1205 633 1271 ὑπείκουσιν
663 1211 697 1272 ὲν
718 1211 761 1293 τῷ
795 1210 941 1293 τίσφαλεῖ
961 1211 1180 1272 καθίστασθαι
1202 1206 1262 1268 τοῦ

158 1307 216 1386 ζῆν
229 1305 342 1385 ridendo,
359 1307 543 1388 ἐξωτερικῆς
558 1311 710 1390 βοηθείας
733 1308 978 1397 ἀπῳκισμένους.
1001 1303 1078 1371 ὅθεν
1100 1311 1155 1393 καί
1170 1311 1263 1371 Καν-

155 1404 348 1488 τακουζηνός
379 1411 411 1482 ἐξ
445 1405 619 1470 α’ντιπόλου
650 1409 704 1490 τῆς
732 1404 836 1492 όρμῆς
867 1408 1113 1474 πολλαπλασίαν
1124 1411 1184 1488 μέν
1205 1409 1260 1490 τῆς

117 1521 147 1574 10
157 1510 233 1586 πρίν
251 1510 283 1582 ἐξ
301 1501 454 1588 Ὑρκανοῦ
476 1508 675 1589 βαρβαρικὴν
702 1511 943 1588 ’μεταπέμπεται
973 1508 1119 1589 δύναμιν,
1141 1513 1260 1571 πολλο-

155 1611 282 1669 πλαοίω
304 1609 332 1667 δ’
355 1599 396 1669 οδ
420 1610 475 1681 κατ’
493 1610 591 1689 ου’τῆς
614 1611 647 1671 ἐκ
663 1609 719 1672 τοῦ
740 1608 892 1691 οόνεγγυς
915 1611 970 1673 καί
994 1604 1125 1680 κατόπιν
1147 1605 1259 1691 ἑτέραν

156 1707 463 1786 παρασκευάζεσθαι
489 1713 709 1790 παραγγέλλει,
733 1710 823 1772 δυοῖν
843 1708 996 1789 θοίτερον,
1019 1707 1098 1796 ῆτῇ
1121 1707 1155 1773 ἐκ
1181 1713 1260 1790 Τρι-

154 1808 264 1890 βαλιόν
276 1813 444 1893 συμμαχίᾳ
469 1805 545 1871 κατό
569 1808 626 1892 τῆν
641 1807 716 1872 ὁδόν
738 1808 888 1894 ἐξαίφνης
901 1812 1197 1893 έπετεθηοομένοος,
1216 1806 1257 1872 τό

156 1909 268 1990 ἔνυδρα
293 1906 580 1991 προκατειληφότος
607 1909 661 1973 καί
681 1908 739 1984 τός
762 1911 926 1991 παρόδους
948 1895 1028 1989 πρίιί
1045 1914 1182 1984 έκείνους
1204 1912 1258 1975 αι’-

117 2015 315 2092 15οθέοθοι,
343 2003 412 2091 ῆεί
432 2006 476 2090 μῆ
500 2015 591 2073 τοῦτο
616 2013 808 2095 δυνηθεῖεν,
825 2011 895 2073 ἀλλ’
928 2006 995 2088 ἅμα
1020 2011 1109 2098 αότρλ
1133 2013 1257 2095 φθῆναι

156 2113 454 2195 προκαταλαβόντος
484 2105 661 2188 Βυζόντιον
690 2115 738 2176 ἐπ’
772 2113 892 2198 ὀλέθρῳ
922 2115 977 2175 καί
1005 2111 1256 2198 οἷνδραποδισμρῖ

155 2220 308 2277 παντελεῖ
323 2236 356 2277 τε
379 2213 433 2275 καί
456 2213 558 2295 πόσης
581 2209 705 2294 α’μόνης
726 2215 882 2292 α’μείνονι.
925 2210 1063 2294 κόπειδῆ.
1084 2212 1258 2296 χρημάτων

155 2316 188 2378 ἐν
211 2311 334 2388 τούτοις
357 2309 432 2392 ἔδει,
452 2313 567 2395 μηνύει
587 2310 627 2376 τοὶ
650 2309 721 2394 ἱεροὶ
746 2319 809 2378 τῶν
829 2311 862 2378 έν
882 2312 1046 2399 Βυζαντίῳ
1069 2335 1257 2397 φροντιοτη-

156 2421 234 2492 ριὀοκ
255 2411 400 2478 ἁπάντων
423 2417 583 2494 κειμήλια,
605 2408 665 2478 όσα
687 2439 721 2478 τε
742 2417 854 2502 χρυσῷ
883 2417 938 2478 καί
959 2414 1090 2506 τίρνόρρι
1118 2413 1173 2476 καί
1195 2405 1256 2475 don

116 2511 465 2590 θθλιθοιςπολυτελέσι
488 2515 693 2601 κεκόσμητοι;
724 2517 821 2581 πάνθ’
846 2515 916 2601 έξῆς
939 2516 1156 2597 ἀθροισθέντα
1178 2519 1259 2579 συλ·

155 2615 275 2700 λη’βδην
297 2616 474 2699 χρημότιον
496 2616 706 2695 α’λλιὲξαοθαι.
751 2617 903 2701 εόπορίας
920 2610 976 2679 osli
999 2618 1146 2680 έντεῦθεν
1167 2614 1292 2702 crispis

154 2720 321 2803 γενομένης
342 2722 397 2780 καί
410 2720 562 2801 διανομῆς
587 2715 620 2791 ές
641 2716 835 2802 βαρβάρους,
848 2716 1039 2783 ἐπιστέλλων
1053 2709 1150 2790 αόθις
1166 2719 1258 2799 η’πεί-

155 2822 201 2879 λει
224 2821 408 2901 περιφανῶς
432 2816 469 2882 τό
497 2817 692 2899 παγχάλεπα·
712 2820 903 2897 Βυζαντίοις
923 2820 962 2882 τοὶ
985 2819 1014 2882 δ’
1029 2811 1084 2899 οδ,
1106 2814 1149 2899 μῆ
1172 2815 1258 2901 οφό·

154 2908 215 3002 δρα
244 2916 466 3002 Παλαιολόγον
495 2920 699 3002 εἰσδέχεσθαι
729 2920 917 3001 βούλεσθαι.
954 2913 998 3003 “q’
1026 2916 1085 3002 γὰρ
1125 2919 1183 2981 ου’κ
1216 2907 1257 2982 όν
1339 2957 1356 2985 ε

154 3204 274 3259 audisset
300 3210 327 3257 et
353 3204 534 3277 suspicaretur
561 3204 645 3273 ipsius
668 3205 741 3259 vitae
767 3204 877 3259 insidias
902 3202 988 3269 strui,
1008 3202 1124 3256 omnium
1141 3201 1262 3256 maxime*

153 3294 204 3329 nec
225 3291 286 3329 csse
305 3275 397 3327 habuit
417 3279 523 3329 mittere
547 3280 591 3346 qui
611 3294 670 3329 cum
691 3278 770 3332 Crule
789 3277 965 3330 Triballorum
986 3276 1054 3328 duce
1072 3276 1106 3327 de
1124 3275 1255 3327 societate

153 3349 221 3401 belli
238 3355 360 3416 agerent
398 3351 496 3400 etenim
515 3350 649 3401 intestinis
675 3349 864 3402 certaminibus
885 3365 929 3402 res
948 3349 1083 3399 llomause
1113 3347 1268 3411 tantopere*

153 3422 256 3474 tractae
277 3427 303 3470 et
333 3419 487 3471 debilitatae
508 3429 598 3485 crant,
627 3430 656 3473 ut
685 3437 720 3473 ne
740 3421 872 3473 haberent
889 3422 1015 3490 quidem,
1035 3420 1080 3493 qui
1098 3418 1255 3501 impositure

152 3494 220 3559 ipsis
238 3498 284 3541 aut
302 3491 345 3555 iis,
366 3494 411 3558 qui
430 3494 547 3558 ipsorum
568 3494 708 3559 imperium
728 3493 916 3577 sequebantur,
943 3501 970 3544 et
988 3492 1020 3543 ult
1040 3489 1158 3542 externis
1174 3488 1255 3539 auxi·

151 3564 197 3615 liis
217 3564 313 3613 remoti
339 3571 462 3631 tanquam
490 3565 517 3614 in
540 3566 685 3616 securitate
708 3566 812 3617 vivere.
857 3564 1026 3632 quamobrem
1053 3562 1255 3616 Cantacuaenus

153 3637 184 3687 ad
203 3635 301 3687 virium
321 3634 508 3701 aequalitatem
522 3636 605 3687 multo
618 3638 743 3687 maiorem
764 3652 842 3703 quarn
859 3643 938 3687 antea
949 3635 1099 3701 Hyrcanum
1117 3632 1256 3699 copiarum

152 3704 349 3758 multitudinem
365 3707 471 3757 mittere
484 3714 511 3757 et
525 3707 634 3758 alteram
654 3708 737 3759 multo
753 3709 881 3759 maiorem
900 3707 1079 3773 epropinquo
1097 3704 1158 3755 loco
1178 3717 1255 3754 com.

152 3778 242 3845 parari
255 3776 345 3827 iubet.
384 3794 417 3829 ex
437 3778 538 3829 duobus
557 3780 638 3846 igitur
656 3779 769 3832 alterurn
792 3779 850 3830 lieri
871 3779 1005 3845 oportuit,
1025 3784 1054 3828 ut
1071 3792 1130 3827 cum
1149 3773 1255 3827 Tribal-

152 3850 187 3901 lis
208 3849 346 3901 coniuncti
366 3865 399 3907 cx
418 3850 515 3901 itincre
533 3858 644 3916 repente
664 3852 789 3917 impetum
813 3850 933 3901 iacerent
945 3848 1053 3900 sedibus
1071 3856 1150 3899 antes
1169 3846 1254 3913 captis

154 3930 180 3971 ct
191 3918 342 3987 praeclusis
359 3921 410 3971 viis
424 3936 500 3988 quarn
518 3920 559 3971 illi
570 3922 827 3984 animadverterent,
848 3930 893 3972 sut
910 3922 933 3971 si
951 3920 1003 3971 hoc
1023 3922 1110 3971 minus
1131 3918 1256 3971 valerent

152 3990 314 4058 Byzantium
326 4000 538 4057 praeocupsrent
551 4000 577 4043 et
593 3993 624 4043 ad
638 3994 785 4058 perniciem
799 4001 826 4043 et
844 3994 1000 4044 servitutem
1011 3994 1082 4043 omui
1094 3991 1254 4042 defensioue

152 4063 293 4113 meliorem
310 4062 456 4113 traherent.
493 4079 524 4114 ac
543 4079 622 4131 quum
642 4065 764 4129 pecuniis
785 4064 920 4131 indigeret
939 4063 1000 4127 ille,
1018 4061 1253 4131 omniaquselly-

153 4135 235 4185 nautii
249 4148 324 4183 sacra
335 4143 489 4202 ornamenta
504 4143 588 4198 erant,
608 4149 672 4185 auro
686 4144 712 4187 et
722 4144 833 4203 argento
854 4144 880 4186 et
897 4134 1031 4201 lapidibus
1050 4135 1182 4201 speciosis
1203 4133 1253 4183 ad-

153 4214 256 4268 ornata,
276 4204 309 4255 ad
329 4206 468 4271 pecuniam
488 4172 714 4273 compalandam'
708 4222 734 4257 ιιι
754 4222 834 4257 nnnru
854 4206 976 4274 collegit.
1012 4208 1083 4258 unde
1086 4221 1181 4290 ”quum
1194 4203 1254 4270 regi

152 4292 283 4345 prospers
306 4285 378 4327 esset
397 4278 501 4328 lortnna
524 4279 608 4343 lacta,
627 4278 806 4331 distributis
799 4295 827 4329 sn
844 4278 971 4329 barbaros
995 4278 1133 4360 pecuniis,
1156 4278 1253 4328 iterum

152 4350 239 4423 palam
258 4362 374 4403 summos
393 4348 531 4418 Byzantiis
554 4358 670 4405 terrores
696 4356 723 4401 et
740 4350 861 4422 pericula
879 4350 1036 4421 proposuit,
1054 4363 1089 4401 ne
1110 4348 1180 4401 forte
1198 4343 1252 4400 rs·
