3184 5100
317 373 539 444 nrsronran
568 374 825 443 nmannmn
839 377 933 443 xxv.
953 361 1020 446 to.
1043 360 1144 446 itm
1199 363 1248 447 tt
1287 317 1291 329 ¹

148 544 263 624 μιὲναι
285 542 341 622 τῆς
366 539 462 623 νήσου
485 539 593 621 κάμας
614 539 669 604 καί
691 545 848 613 πολιτείας
870 544 925 604 καί
952 539 1057 616 πόλεις
1077 543 1250 626 γεγένηται.

148 639 203 706 καί
222 645 285 720 μὲν
308 638 347 724 (λη’
377 638 432 703 καί
454 638 599 725 ἐθεώμην
619 641 651 705 τά
688 645 749 704 πάν
772 644 842 706 ἐκεῖ
857 647 946 725 γένος
970 645 1026 725 τῆς
1047 643 1154 727 νήσου,
1170 640 1253 708 Ῥω-

148 745 264 824 μαίους
290 731 398 819 ὄντας,
430 740 525 829 σ’λίγφ
559 745 620 806 δίω
652 745 768 824 atym,
802 744 858 819 καί
888 742 945 826 την
966 746 1021 827 τῆς
1043 742 1177 827 πατρίου
1198 744 1253 806 πί-

150 867 248 918 στεως
279 843 445 923 εὐσέβειαν
464 845 599 923 βεβαίαν
627 847 661 908 ἐκ
680 844 835 926 διαδοχῆς
856 843 909 909 άεί
935 847 1156 929 κεκτημένους·
1200 841 1255 906 καί

129 962 143 1015 5
150 968 204 1027 μοι
225 946 409 1033 βουλομένῳ
425 967 459 1026 γε
481 938 519 1026 ἧν
535 947 661 1010 πλείονα
672 940 788 1027 χρόνον
802 947 871 1008 ἐκεῖ
887 946 1124 1030 διατετριφέναι
1144 948 1253 1010 πλείο-

149 1071 199 1124 νος
232 1045 322 1110 ἕνεκα
347 1047 371 1085 ¹¹
392 1048 447 1110 καί
476 1049 666 1126 τελεωτέρας
698 1049 761 1110 ταῖν
788 1047 857 1110 ἐκεῖ
883 1045 1078 1129 πραγμάτων
1101 1042 1282 1130 ἱστορίαςς.
1303 1060 1390 1122 1οη.

151 1151 216 1213 άλλ’
240 1147 395 1232 δοἷνεσάβει
426 1171 481 1228 μοι
512 1144 568 1228 την
602 1147 755 1231 βούλησιν
785 1145 802 1208 ά
835 1149 1006 1232 τηνικαῦτα
1034 1146 1253 1228 μελετωμενος

153 1247 298 1332 θόρυβος
323 1249 387 1310 τοδν
403 1270 435 1310 τε
459 1243 562 1310 ὅπλων
584 1247 638 1312 καί
659 1251 721 1310 τῶν
745 1249 815 1311 ἐκεῖ
823 1251 1056 1330 στρατιωτικῶν
1078 1246 1254 1327 δυνάμεων.

150 1343 188 1432 ἦν
206 1331 287 1432 γάρ
307 1345 326 1428 ἡ
350 1349 443 1428 νῆσος
474 1349 508 1410 ἐκ
538 1350 658 1411 πολλοῦ
691 1355 875 1432 συμφοραῖς
897 1318 1130 1430 ε’ντετυχηκυῖά,
1150 1347 1190 1410 δι’
1215 1340 1253 1422 dc

113 1455 340 1521 1οΛστινικοῖς
362 1442 470 1522 ὅπλοις
491 1445 692 1512 δουλεύσασιν
717 1451 759 1536 τῷ
777 1453 832 1533 τῆς
854 1451 1006 1523 Βενετίας
1030 1443 1173 1529 tiniacum
1194 1450 1253 1532 δη-

86 1557 87 1566 ’
146 1551 249 1638 μσσίφ
274 1548 504 1634 προστάγματι.
548 1545 622 1631 άρτι
643 1553 749 1614 τοίνυν
772 1549 880 1636 φήμης
900 1553 1048 1634 χεθείσης
1071 1551 1125 1614 ε’πί
1148 1550 1253 1614 πάσαν

149 1646 284 1735 ἧπειράν
303 1673 338 1712 τε
360 1653 417 1714 καί
431 1653 525 1732 νῆσον
550 1649 593 1726 οἷς
615 1647 644 1716 σί
661 1648 693 1714 τά
709 1655 739 1716 Γ
738 1651 949 1733 αλατάνυμον
970 1653 1129 1725 οἰκοῦντες
1151 1649 1253 1736 φρυά-

149 1733 457 1836 ρισνλῖστυγείτσνες
480 1753 511 1814 Γ
509 1759 677 1832 εννσυῖτσι,
701 1752 1020 1835 παρασπονδησαντές
1040 1774 1073 1814 τε
1097 1753 1152 1815 καί
1172 1754 1254 1814 ε’πα-

150 1850 323 1925 ναστάντες
344 1859 407 1925 τοῖς
420 1851 619 1932 Βυζαντίοις,
634 1855 718 1938 σφάς
730 1876 762 1917 τε
785 1847 1051 1935 ναυμαχήσαντες
1072 1848 1252 1934 νενικήκασι

113 1961 139 2014 15
149 1958 200 2016 καὶ
223 1948 295 2033 ἅμα
318 1949 482 2036 θαλάσσης
506 1949 579 2036 ὅλης
602 1953 771 2035 ἡγεμονίαν
793 1953 1059 2036 ω’νειροπὸλησαν,
1080 1950 1122 2025 ὥς
1142 1953 1253 2034 μηκέτι

148 2052 227 2138 μήτε
257 2051 431 2126 καθεκτοίις
467 2047 548 2117 εἶναι
577 2052 658 2137 μήτε
685 2056 749 2135 μὴν
781 2048 851 2117 οὐδ’
880 2049 1054 2137 άμσφάλοις
1079 2047 1127 2116 ἔτι
1147 2055 1254 2132 μένειν
1284 2047 1290 2061 “
1317 2065 1352 2093 ·“

150 2153 345 2236 ἐνσπόνδους
367 2155 504 2234 ἐθέλειν,
536 2151 615 2218 dita*
647 2151 787 2238 σκληράν
818 2151 873 2216 καί
900 2144 965 2217 οἷον
987 2155 1085 2217 εἰπεῖν
1105 2147 1255 2236 ἡγεμονι-

150 2252 205 2337 κὴν
227 2251 289 2337 τήν
324 2249 428 2338 σ’φράν
456 2251 536 2320 κατά
560 2253 686 2318 πάντων
718 2247 789 2318 ὅσοι
817 2251 990 2317 θαλάττιον
1010 2250 1254 2333 βόσκουσιβίον

151 2357 441 2436 ἑπαρατείνασθαι,
465 2358 672 2438 ταραχθῆναί
696 2379 730 2420 τε
755 2349 811 2419 οὖν
834 2350 969 2430 πολλοάς
999 2350 1051 2418 διά
1075 2354 1177 2420 ταῦτα
1199 2353 1256 2417 καί

115 2455 281 2522 λθπάντων
302 2453 442 2537 μάλιστα
464 2452 662 2538 Βενετικοάς,
683 2455 825 2540 μεγάλας
846 2459 906 2535 μὲν
929 2455 1095 2538 ἐξαρτάειν
1117 2457 1151 2519 ἐν
1170 2458 1255 2538 βρα-

150 2566 205 2643 χεῖ
223 2556 376 2631 ναυτικάς
399 2560 596 2639 δυναμένους
616 2559 785 2641 δυνάμεις,
804 2562 886 2640 μέγα
910 2558 944 2622 δὲ
976 2554 1029 2620 διά
1055 2559 1147 2621 τοῦτο
1171 2578 1256 2643 φροι-

152 2668 214 2725 νεῖν
237 2656 382 2743 ἔχοντας,
405 2656 515 2724 ἔπειτα
539 2660 625 2744 παρά
658 2658 751 2740 δόξαν
781 2656 835 2723 ὑπ’
858 2659 986 2723 ἐκείνων
1008 2651 1069 2743 ἤδη
1091 2661 1256 2740 κωλυσμί.

152 2783 226 2839 νυυς
247 2764 281 2836 ἐς
310 2758 367 2827 τὸν
398 2753 463 2827 άνω
488 2762 586 2827 τόπον
618 2763 674 2827 καί
696 2760 753 2847 την
778 2763 930 2827 Μαιῶτιν
953 2764 1009 2825 καί
1037 2758 1096 2837 τάς
1124 2757 1255 2842 ἐκβολάς

152 3016 253 3069 vitatos
273 3010 409 3083 urbesque
431 3031 510 3085 quum
529 3017 638 3081 adirem,
658 3023 742 3069 totum
759 3031 846 3087 genus
866 3017 1020 3083 hominnm,
1046 3018 1116 3086 qnod
1140 3016 1254 3070 insulam

152 3086 259 3153 incolit,
874 3088 1008 3141 Romanos
1028 3105 1088 3142 esse
1107 3098 1134 3143 et
1151 3091 1254 3157 patriae

152 3160 215 3212 fidei
237 3160 365 3227 pictatem
385 3174 399 3210 a
423 3160 568 3233 majoribus
590 3176 675 3229 usqne
702 3160 824 3213 traditam
847 3168 1001 3213 constanter
1027 3164 1098 3213 tueri
1126 3162 1253 3231 cognovi.

150 3232 218 3283 mihi
237 3230 345 3299 quidem
364 3231 392 3281 in
412 3233 499 3282 animo
520 3240 592 3295 erat,
611 3246 663 3300 qno
683 3232 840 3301 diligentins
860 3240 887 3283 et
904 3233 1053 3283 accuratius
1080 3233 1185 3285 insulae
1210 3248 1253 3283 res

153 3302 335 3370 explorarem,
355 3300 462 3371 longius
482 3302 519 3354 ibi
537 3311 640 3371 tempus
661 3305 834 3366 commorari;
854 3305 901 3356 sed
920 3304 951 3355 ab
971 3303 1023 3354 hoc
1043 3305 1180 3371 proposito
1203 3303 1254 3355 de.

151 3375 275 3426 turbatus
295 3390 351 3425 sum
370 3390 500 3426 armorum
521 3374 696 3442 militumque,
717 3377 761 3443 qui
781 3384 835 3426 tum
854 3376 892 3427 ibi
901 3374 1051 3443 parabatur,
1067 3374 1188 3427 tumultu.
1208 3375 1253 3425 in.

152 3444 212 3498 sula
233 3446 305 3496 enim
325 3446 375 3496 ianr
395 3447 440 3497 din
459 3448 487 3497 in
514 3447 678 3499 calamitates
702 3448 852 3513 inciderat,
879 3456 990 3515 propter
1015 3463 1080 3515 quas
1101 3448 1253 3499 Latinorum

152 3518 234 3569 armis
253 3515 364 3567 subacta
384 3516 502 3570 Venetae
523 3519 688 3585 reipublicae
718 3520 831 3587 imperio
856 3535 886 3571 se
909 3507 1039 3570 submisit.
1088 3534 1167 3587 quum
1186 3532 1252 3569 vero

150 3589 231 3640 modo
253 3602 335 3654 super
354 3596 436 3640 totam
455 3591 636 3641 continentem
659 3599 685 3642 et
704 3591 819 3643 insulam
838 3606 927 3641 rumor
946 3590 1082 3656 dispersus
1104 3597 1185 3653 esset,
1198 3589 1253 3641 Ge.

151 3674 284 3723 ancusae,
303 3660 347 3726 qni
368 3660 476 3713 Galatae
495 3669 589 3712 tenent
608 3661 748 3713 castellum
767 3664 795 3713 in
814 3662 886 3713 urbis
906 3661 1055 3723 vicinitate,
1076 3660 1186 3712 loedere
1205 3676 1254 3711 rn.

152 3740 198 3797 pto
222 3738 250 3781 ct
268 3730 421 3782 rebellione
443 3732 513 3783 lacta
530 3733 676 3799 Byzantios
695 3732 801 3800 proelio
819 3732 910 3784 navali
929 3733 1029 3783 vicisse
1050 3739 1077 3781 et
1095 3732 1177 3784 totius
1195 3748 1254 3785 ma-

152 3803 189 3853 ris
210 3804 354 3869 imperium
375 3804 528 3867 somniare,
554 3814 583 3855 ut
601 3820 690 3873 neque
710 3805 831 3856 coerceri
850 3813 962 3870 possent
980 3818 1069 3871 neque
1087 3820 1122 3855 ne
1142 3803 1253 3858 foedere

153 3874 261 3941 quidem
283 3888 341 3923 cnm
361 3874 536 3941 popularibus
555 3876 647 3927 iuncto
667 3884 737 3927 staro
749 3875 862 3938 vellent,
884 3875 931 3925 sod
948 3874 1063 3942 superba
1083 3877 1211 3944 quaedam
1227 3884 1255 3927 et

152 3952 180 3994 nt
202 3946 242 3996 ita
262 3944 349 3995 dicam
374 3946 546 4013 imperatoria
566 3947 712 4013 supercilia
737 3948 865 3999 adversus
893 3960 1006 4011 omnes,
1026 3947 1072 4014 qni
1097 3948 1254 3999 maritimam

152 4024 237 4084 agunt
257 4012 350 4080 vitam,
370 4032 434 4083 prae
454 4034 484 4069 se
504 4018 613 4082 ferrent,
638 4019 687 4069 hac
706 4036 736 4071 re
757 4027 784 4070 et
803 4018 851 4069 alii
869 4017 945 4069 multi
966 4018 1117 4070 conturbati
1145 4026 1206 4070 sunt
1228 4026 1255 4069 et

153 4088 300 4155 praecipue
312 4086 417 4151 Veneti,
438 4089 493 4157 qui,
512 4105 667 4157 quamquam
681 4090 757 4141 brevi
771 4098 893 4156 tempore
910 4106 1019 4157 magnas
1034 4092 1125 4157 copias
1142 4090 1254 4142 navales

155 4173 288 4211 exornare
308 4166 390 4227 atqne
409 4160 510 4211 idcirco
530 4160 599 4213 haud
620 4162 769 4213 mediocres
789 4161 839 4213 sibi
858 4162 967 4228 spiritus
987 4177 1093 4213 sumere
1111 4168 1253 4228 poterant,

155 4237 207 4281 tum
223 4237 333 4299 praeter
359 4230 513 4297 opinionem
531 4231 564 4283 ab
585 4232 641 4285 illis
668 4234 719 4285 iam
737 4234 858 4303 impediti
879 4241 970 4298 erant,
995 4234 1135 4301 quominus
1153 4233 1182 4283 in
1205 4248 1253 4285 sn-

155 4302 275 4367 pericrns
294 4303 426 4378 regiones
445 4311 472 4356 et
488 4302 576 4360 lacum
595 4304 754 4363 Maeotidem
783 4312 809 4376 ot
834 4305 865 4357 ad
891 4306 962 4357 ostia
980 4304 1102 4364 incidis
1132 4318 1180 4371 pro
1205 4314 1253 4355 sno
