3184 5100
283 412 506 485 arsroamn
533 410 791 483 ommium
814 414 938 479 xxxii.
955 398 1063 482 8-1
1077 398 1114 481 ι.
1188 406 1260 509 ρει

266 580 393 645 Tadeos
412 582 439 645 δ’
452 573 542 645 ὀδιω
560 579 737 661 λεγομένων
759 564 892 662 ἤρξαντό
913 599 999 651 τινες
1018 579 1073 659 τῆς
1094 576 1331 662 δφεδρείαςη

162 684 344 749 ἐπεισιέναι.
392 681 529 766 ου’νηδις
560 679 621 765 μοὶρ
640 681 747 766 πουτί
778 679 1033 765 Καντακουζηνῷ
1063 679 1264 761 προλοχίζων

162 786 331 868 ἐφεδρειόῖς
358 786 391 847 ἐν
412 790 477 858 τοῖς
498 780 653 858 τοιούτοις
672 785 727 847 καί
752 782 909 863 Τελχίνων
927 777 1077 845 ιοιοότων
1098 779 1263 861 ἐπιφέρειν

161 881 362 969 ἐξίοόφανοός
378 881 591 968 στρατόπεδα,
616 882 704 971 crispi
727 885 787 966 μὲν
807 879 1008 963 συμμαχίαν,
1032 885 1097 953 τοῖς
1123 878 1150 941 δ’
1173 877 1263 941 α’ντι.

135 990 268 1060 nitran
289 984 455 1069 ἔκπληξιν·
501 976 546 1049 oio
567 984 583 1046 ό
609 990 730 1067 πρῶτος
750 987 806 1047 καί
823 982 962 1065 μάλιστα
983 981 1110 1045 πόντων
1126 974 1264 1059 ,δμόψυ-

159 1083 218 1168 χός
237 1109 271 1149 τε
293 1089 348 1151 καί
377 1080 568 1169 δμοηςνιόμοον
595 1086 650 1149 καί
675 1082 776 1150 πόνου
808 1078 1265 1174 σπερμόμενοςνοῖνελόμβανεν

163 1180 263 1262 εόθός
285 1186 323 1251 τό
344 1188 402 1251 τοῦ
426 1184 459 1251 ἐν
483 1185 644 1274 Θαβωρίιρ
668 1188 711 1275 τῷ
736 1180 804 1269 όρει
828 1184 934 1271 φωτός
955 1186 1081 1268 ἐκεῖνα,
1101 1182 1157 1245 καί
1180 1183 1263 1245 ἐλοι-

163 1287 253 1372 δόρει
281 1286 335 1353 τόν
365 1288 444 1372 όπὲρ
470 1290 617 1371 Χριστοῦ
645 1292 700 1352 καί
720 1290 781 1352 τεόν
803 1286 902 1352 θείων
931 1284 986 1368 τῆς
1008 1285 1174 1368 ἐκκλησίας
1193 1283 1265 1363 δογ-

162 1389 273 1471 μόνων
292 1393 395 1473 μυρία
417 1386 561 1453 παθόντα
585 1387 672 1453 δεινοὶ
699 1388 877 1472 Θεόδωρον,
900 1381 938 1461 ἐς
957 1382 1038 1471 πρός
1059 1386 1124 1449 τοῖν
1144 1386 1266 1449 stanno-

117 1487 276 1573 ιθμόχων
296 1488 375 1571 μεοόι
409 1490 559 1564 πλείστας
579 1488 729 1575 πρότερον
760 1489 816 1554 καί
845 1490 1021 1575 διαφόρους
1042 1484 1187 1561 κολάσεις
1209 1508 1266 1551 κα-

162 1590 266 1673 δόπερ
305 1590 406 1672 α’μνός
442 1589 521 1654 κατὰ
554 1594 610 1674 γῆς
644 1590 782 1665 ἐκτεθείς
810 1590 927 1671 ἀκμαῖς
958 1583 1098 1672 σιδηρων
1126 1588 1264 1665 ἐστίζειο

163 1688 361 1776 γραφόμενος
384 1685 469 1755 όπαν
490 1689 523 1755 τό
544 1694 727 1776 πρόσωπον,
750 1688 843 1773 ἔμενε
866 1694 901 1756 δὲ
921 1688 979 1774 τήν
994 1686 1106 1774 ψυχήν
1121 1685 1263 1769 οἷκλινής,

162 1796 222 1867 ’ἕως
241 1795 286 1869 εἰς
309 1794 434 1876 ἐξοριάν
457 1796 641 1876 α’πενεχθείς
663 1800 704 1880 τῷ
727 1790 893 1882 α’δεκόσπιρ
918 1796 1055 1859 δέδοικεν
1079 1790 1179 1874 αοόην
1198 1782 1264 1853 οἷδ-

107 1917 110 1923 ·
161 1895 275 1978 λοθέτη
297 1896 371 1981 θεῷ.
414 1894 566 1977 ἐλοιδόρει
591 1896 621 1955 δ’
641 1892 761 1959 ἐκεῖνον
777 1889 823 1958 ὅτι
849 1897 978 1978 βοηθῶν
1008 1888 1193 1979 όρθοδόξοις
1215 1895 1330 1975 βι-ιι
1407 1932 1411 1940 ·

115 2002 151 2055 15
161 1990 237 2076 βλία
258 1994 339 2057 κατὰ
362 1996 424 2059 τοῖν
443 1992 660 2077 είκανομόχοον
682 1995 786 2079 ἐφῆκε
807 1997 852 2081 τρῖ
873 1994 946 2083 βίῳ,
967 1994 1027 2079 τὴν
1047 1990 1174 2058 ἐκείνων
1196 1992 1264 2056 τότε

163 2094 365 2177 ἐξελόμχονοα
389 2098 589 2177 δυσσέβειαν,
612 2098 667 2160 νόν
690 2100 725 2161 δὲ
746 2093 1024 2181 εῆνΠαλαμικήν,
1046 2098 1089 2160 ἐκ
1103 2098 1181 2175 μυός
1201 2095 1267 2180 α’ρ-

164 2197 306 2273 ξαμένοον
327 2196 450 2282 οἶμφοῖν
470 2197 687 2282 προφάσεως,
710 2201 767 2263 τοῦ
790 2196 823 2263 ἐν
848 2199 1008 2285 Θαβωρίηι
1029 2202 1109 2280 λε’γω
1128 2198 1175 2285 τῷ
1197 2189 1266 2279 όρει

164 2292 280 2379 φανός,
302 2293 343 2374 nic
367 2298 788 2383 δειχθήσεταιπλατόιερον
813 2297 977 2382 προϊόντος
999 2297 1185 2379 τοῦλόγου.
1213 2300 1268 2361 καί

163 2401 238 2461 ποία
262 2401 395 2482 τοῦτον,
415 2396 572 2484 ἔφασκεν,
595 2394 679 2465 οἶδεν
711 2401 859 2487 ἐκκλησία
869 2427 881 2480 ,·
911 2399 968 2464 καί
985 2406 1033 2477 είς
1068 2398 1173 2463 nitori
1189 2400 1266 2463 ποτέ

114 2508 153 2566 20
161 2494 289 2584 μνήμην
313 2503 478 2586 πεποίηται
501 2506 563 2566 νῶν
584 2501 732 2586 ἡμερῶνς
754 2508 810 2566 καί
829 2499 929 2566 πολλὰ
953 2504 1088 2567 τοιαῦτα
1108 2500 1266 2584 συνείρων

162 2598 219 2682 τήν
246 2603 309 2666 ταῖν
342 2605 553 2688 βλασφημιῶν
576 2604 722 2688 ἐπήνεγκε
746 2604 924 2697 κορωνίδα,
945 2600 992 2668 ότι
1012 2601 1107 2668 πάνθ’
1131 2597 1192 2666 ὅσα
1212 2604 1267 2682 βι-
1308 2639 1314 2651 ι

159 2703 235 2782 βλία
258 2707 451 2788 πεποιῆσθαι
481 2709 603 2788 λέγεται
623 2704 703 2770 κατό
733 2709 796 2772 τοῖν
822 2706 1039 2790 εἰκονομόχων
1059 2705 1149 2790 αυέρῖ
1173 2701 1266 2788 aipi-

161 2827 243 2870 σεων
264 2806 355 2890 γέμει
374 2807 517 2892 μακριόν.
538 2811 594 2873 καί
614 2807 645 2872 εἰ
665 2811 724 2891 μὲν
745 2808 850 2894 ἕτεροί
865 2828 948 2884 ’τινες
965 2808 1181 2891 ὑποβολιμαῖα
1200 2831 1266 2871 πα-

191 3163 195 3172 ,
265 3108 366 3175 Quibus
385 3111 463 3163 dictis
482 3111 640 3177 inceperunt
650 3112 755 3180 quidam
763 3125 860 3178 parare
872 3110 993 3163 insidias.
1031 3099 1175 3165 contuierat
1194 3113 1266 3168 euim

165 3183 369 3238 Cantacuaenus
388 3183 416 3234 in
436 3183 586 3235 huiusmodi
603 3183 684 3236 rebus
703 3185 873 3234 insidiatores
892 3185 1027 3234 instruere
1053 3192 1080 3233 et
1103 3199 1136 3234 ex
1155 3185 1264 3236 occulto

164 3253 353 3306 Telchirorum
375 3256 465 3321 copias
484 3253 650 3320 protrahere,
670 3255 721 3320 ipsi
741 3255 846 3322 quidem
866 3255 967 3306 firmum
987 3254 1142 3319 subsidium,
1164 3256 1264 3307 adver.

165 3326 245 3380 sartis
264 3341 329 3377 vero
350 3334 478 3377 terrorem
498 3341 631 3400 maguum.
670 3342 684 3376 e
712 3327 808 3394 quibus
836 3328 882 3394 qui
908 3327 1007 3392 primas
1033 3327 1150 3379 surrexit
1173 3335 1201 3378 et
1220 3326 1265 3378 hic

167 3397 274 3466 quidem
294 3413 352 3448 cum
373 3397 485 3465 reliquis
508 3398 629 3454 munibus
649 3399 763 3448 maxime
792 3398 957 3464 conspiravit
976 3404 1002 3448 et
1022 3398 1131 3449 eandem
1150 3407 1265 3449 mentem

165 3469 261 3521 habuit
282 3477 309 3520 et
327 3469 406 3521 valde
425 3469 546 3520 omnihus
566 3469 680 3520 dilectus
700 3477 765 3532 erut,
785 3470 898 3536 arripuit
917 3483 1067 3521 sermonem
1085 3469 1119 3520 de
1137 3469 1199 3520 lace
1217 3468 1266 3521 iila

166 3543 195 3594 iu
216 3549 305 3592 monte
323 3541 459 3605 Thabore‚
479 3537 506 3592 ἐι
532 3541 701 3592 coutumeliis
720 3541 811 3592 obruit
829 3541 994 3592 Theodorum
1020 3541 1066 3608 qui
1090 3555 1138 3607 pro
1159 3539 1266 3594 Christo
1323 3593 1328 3608 ,

167 3619 195 3662 et
213 3613 311 3664 divinis
334 3613 468 3664 eeclesiae
488 3613 638 3680 praeceptis
658 3613 790 3664 cruciatus
811 3628 925 3664 summos
949 3627 1093 3679 perpessus
1119 3619 1193 3676 crat3
1220 3611 1266 3680 qui

166 3683 201 3735 ab
221 3683 405 3736 iconomachis
424 3685 495 3734 inter
515 3683 629 3750 plurima
651 3692 677 3735 et
697 3685 772 3736 varia
791 3685 905 3735 verbera
924 3683 1001 3735 vetat
1019 3699 1103 3751 agnus
1123 3683 1195 3734 humi
1216 3700 1266 3736 ex.

157 3764 260 3810 ,tensus
284 3757 383 3806 acubus
402 3755 497 3806 ferreis
519 3763 631 3821 punctus
660 3765 719 3808 orat
747 3763 774 3806 et
792 3755 926 3807 laceratus
945 3762 1026 3806 totam
1045 3755 1158 3820 iaeicm3
1176 3764 1265 3807 tamen

165 3827 279 3878 animam
297 3843 352 3878 non
371 3826 507 3878 abiecerat
526 3827 612 3878 donec
632 3828 693 3879 exul
713 3827 794 3878 iudici
814 3828 970 3892 incorrupto
990 3827 1040 3877 deo
1063 3841 1120 3878 eam
1139 3828 1266 3880 tradidit.

165 3905 218 3952 σοι.
257 3897 425 3948 coutumeliis
445 3905 532 3947 autem
553 3913 612 3948 cum
638 3899 728 3950 affecit
750 3898 958 3966 quodiidelium
982 3898 1072 3971 apcius
1090 3901 1189 3966 scripta
1206 3900 1266 3951 edi-
1354 3931 1361 3942 ι

165 3971 243 4021 derat
262 3969 357 4036 quihus
376 3968 611 4020 iconomachorum
629 3971 751 4037 impietas
762 3968 1012 4036 deprehendebatur
1022 3977 1085 4020 tunc
1104 3985 1170 4022 vcro
1186 3973 1266 4022 etiam

167 4039 357 4094 Palamitarum
379 4041 425 4106 qui
445 4040 535 4089 eadem
562 4041 698 4106 impietate
717 4042 848 4094 submersi
868 4048 953 4091 crant.
990 4041 1051 4092 dico
1072 4043 1142 4092 enim
1160 4057 1266 4095 sermo.

166 4127 229 4164 nem
248 4112 281 4164 de
301 4111 363 4163 luce
384 4113 411 4161 iu
430 4118 520 4161 monte
540 4110 663 4176 Thabori,
682 4129 759 4181 quam
779 4113 849 4164 infra
870 4127 1033 4178 exponemus
1044 4112 1159 4178 planius.
1196 4129 1266 4183 quaa

166 4197 234 4236 vcro
254 4184 341 4250 inquit
361 4182 410 4234 ille
430 4181 546 4234 ecclesia
566 4183 636 4232 hunc
656 4185 784 4248 agnovit3
803 4186 862 4251 quis
883 4185 1035 4234 memoriam
1055 4185 1112 4236 cius
1131 4187 1267 4238 observa.

167 4252 229 4307 vit?
265 4257 306 4307 his
325 4257 436 4320 iusuper
455 4253 507 4306 alia
526 4253 609 4306 multa'
627 4256 726 4313 addidit
754 4263 780 4306 et
806 4255 1025 4307 contumeliarum
1051 4258 1154 4308 turham
1174 4256 1265 4308 affecit

168 4341 250 4398 quom
268 4327 351 4381 libros
370 4333 501 4398 quotquot
518 4329 624 4380 omnino
645 4327 790 4396 conscripti
804 4328 939 4386 terrentur
957 4335 1052 4382 contra
1071 4328 1262 4383 iconomachos
