3184 5100
1185 286 1196 315 Χ

273 423 496 493 meoniae
513 420 920 506 antonomasia.
937 400 1125 488 ar-et.
1183 403 1257 485 457

157 585 181 672 ἦ
200 588 281 673 μόνη
297 582 440 666 οἴκτιστος
464 585 566 672 ἐκείνη
589 585 711 672 θεότης,
733 586 787 650 κατ’
811 581 859 649 ότι
882 584 1080 664 Μανιχαίων
1101 582 1156 648 καί
1178 583 1260 647 Μα-

159 692 322 753 σαλιανῶν
341 686 375 753 τό
398 689 500 775 δόγμα
513 690 619 768 Ιτουτί,
642 689 698 755 καί
717 688 772 753 οὐκ
810 684 907 753 ἄλλον
929 684 1045 750 τούτων
1067 680 1139 751 όσοι
1160 707 1260 769 πρεσ-

157 788 288 876 βότεροι
313 791 480 878 γεγόνασιν
511 790 667 877 αἱρέσεων
686 789 849 876 ὀἷρχηγοι’,
887 781 1004 875 όρατὴν
1041 780 1122 851 εἶναι
1159 784 1260 870 λέγειν

160 887 346 985 δφθαλμοῑς
367 893 583 980 α’νθρωπίνοις
594 889 715 978 γυμνὴν
735 890 791 977 τὴν
806 912 948 955 ακτιστον
965 888 1058 955 θειάν
1080 886 1199 964 οὐσίαν,
1221 881 1260 969 ἢν

133 996 218 1066 5καί
248 994 428 1080 οἷγγελικαῖς
457 995 612 1078 δονόμεσι
638 998 767 1077 βλέπειν
788 992 964 1069 οἷδόνατον,
997 988 1124 1076 εἴρηταί
1144 980 1177 1053 τε
1205 987 1260 1053 κατ’

162 1094 325 1181 εἰρήσεται
343 1098 492 1181 προϊοῦσι
507 1096 714 1181 σαφέστερον.
732 1091 767 1158 τό
786 1092 850 1179 γὰρ
866 1094 921 1177 τῆς
939 1090 1138 1156 πολυπλόκου
1150 1088 1263 1174 ταύτης
1275 1106 1329 1161 u

163 1195 319 1283 αἱρέσεως
329 1197 453 1281 νόσημα
464 1197 583 1281 Μάνης
597 1197 656 1278 μέν
668 1196 823 1281 πρότερον
844 1192 861 1259 ό
882 1196 943 1259 τῶν
954 1192 1153 1273 Μανιχαίων
1166 1192 1263 1277 πρόε-

165 1301 242 1383 δρος
264 1296 445 1382 οόδίνησέτε
463 1298 519 1372 κατ’
541 1297 633 1374 έτεκε,
654 1296 868 1361 Μασαλιανοί
891 1298 918 1359 δ’
944 1294 1161 1378 ἑμαιεόσαντο,
1183 1292 1204 1377 ἦ
1230 1293 1265 1358 δὲ

162 1402 226 1463 τῶν
248 1399 468 1480 ἐἰκονομόχων
491 1397 536 1476 εἷς
559 1396 717 1483 ἀνήμερον
737 1395 861 1483 ἡμέραν
880 1398 1038 1483 ἐξήνεγκεν
1059 1392 1190 1481 ὕστερον
1207 1420 1264 1460 τν-

114 1499 288 1586 1οραννίς·
332 1496 353 1581 ἦ
379 1501 414 1563 δὲ
433 1501 490 1563 νῦν
519 1497 743 1563 έπιπολόσασα
766 1496 946 1583 Παλαμικὴ
977 1497 1097 1585 φατρία
1119 1497 1173 1562 ἐπὶ
1193 1495 1265 1580 μεί-

166 1603 234 1681 ζονι
259 1597 341 1686 λόμῃ
373 1603 429 1685 τῆς
457 1599 629 1682 εὐσεβείας,
664 1600 825 1686 συμμάχῳ
856 1602 896 1687 τῇ
926 1600 1158 1685 δοναστεὺοόσῃ
1187 1598 1266 1677 τέως

161 1700 253 1785 χειρί
269 1702 469 1785 χρησαμένη,
497 1699 612 1786 μέχρις
639 1696 701 1786 ἤδη
722 1702 785 1766 καί
812 1702 866 1785 τῆς
894 1701 1043 1786 αἰθερίας
1068 1700 1185 1785 λήξεως
1206 1699 1265 1765 αό-

163 1804 302 1887 ξηθῆναι
322 1800 378 1885 τὴν
397 1804 453 1885 τῆς
469 1801 581 1878 κακίας
604 1802 751 1888 πέπραχε
772 1803 886 1889 φλόγα.
930 1800 979 1866 διδ
1001 1802 1056 1867 καί
1072 1800 1266 1886 ἀναληπτέον

164 1899 220 1965 τόν
237 1899 347 1987 εἱρμὸν
368 1898 444 1988 ἡμῖν
464 1902 588 1966 ’ἐκεῖθεν
619 1902 809 1987 τοῦλόγου,
837 1898 892 1979 τός’
913 1898 953 1965 δν
985 1900 1197 1985 ἐντελέστερον
1219 1898 1265 1965 ἔτι

120 2004 221 2069 15καί
248 1999 270 2085 ἦ
295 2004 358 2064 τῶν
392 2000 542 2065 τοιοότων
575 2001 736 2089 α’φήγησις
770 2004 902 2088 δέχηται
934 1999 987 2066 τόν
1016 2000 1264 2086 χρωματισμόν·

166 2103 287 2169 έλαθον
305 2100 369 2188 γὰρ
399 2100 461 2187 ἐγώ
481 2104 731 2183 συναπενεχθείς
766 2106 813 2190 τῷ
843 2105 899 2167 τοῦ
920 2102 1024 2187 Ιζήλου
1047 2100 1199 2189 ῥεύματι,
1220 2100 1266 2187 μὴ

166 2202 385 2286 ἀνασχόμενος
406 2206 486 2291 σιγῇ
506 2208 681 2289 παρελθεῖν
701 2204 1008 2291 συκοφαντουμένων
1036 2208 1098 2269 τῶν
1117 2202 1266 2289 μεγόλων

165 2308 221 2389 τῆς
242 2306 408 2389 έκκλησιας
429 2304 485 2369 καί
506 2306 605 2371 θείων
630 2306 824 2392 φωστήρων,
850 2296 881 2370 Γ
882 2305 1031 2393 ρηγοριόυ
1058 2328 1091 2368 τε
1111 2306 1166 2370 καὶ
1186 2306 1265 2373 Δια·
1323 2316 1343 2357 :f

165 2406 290 2471 νυσίου.
313 2402 362 2470 διό
377 2405 430 2471 τόν
445 2406 521 2491 περὶ
538 2406 649 2471 τοότου
668 2406 760 2492 λόγον
778 2409 974 2493 πλατυτέρας
996 2406 1143 2490 δεόμενον
1159 2407 1264 2484 ἔξετολ-
1276 2415 1332 2469 u

117 2516 264 2582 concon,
295 2505 422 2591 βραχέα
449 2507 509 2590 μέν
542 2507 677 2594 ἀρτίως,
702 2510 757 2574 καί
790 2505 866 2574 ὅσον
891 2506 947 2593 τὴν
973 2506 1160 2594 προθυμίαν
1181 2504 1268 2593 τῖφο-

167 2606 372 2684 σιοίσασθαι,
402 2610 583 2694 διεξῆλθον·
636 2607 675 2673 τό
708 2612 744 2675 δὲ
765 2610 866 2675 πλείω
883 2617 949 2687 τοῖς
968 2608 1151 2696 ἔμπροσθεν
1172 2632 1268 2690 ταμι-

168 2704 302 2769 εόεσθαι
321 2707 432 2792 κρίνας
453 2711 577 2775 δίιιαιον
597 2713 699 2776 ἐκεῖσε
722 2697 879 2794 ἐπάνειμι,
901 2717 965 2790 τοῖς
989 2711 1194 2788 διδασκάλοις
1209 2708 1269 2774 κόν
1311 2792 1319 2804 Ι
1381 2704 1384 2710 ’

166 2807 264 2895 τοόειρ
286 2808 476 2893 πειθόμενος
493 2814 642 2892 τουτοισί,
672 2811 729 2892 τός
761 2809 843 2877 οότω
872 2811 1027 2898 βεβήλους
1055 2809 1270 2898 καινοφωνίας

170 3119 222 3164 tam
247 3111 391 3177 deitatem
419 3112 536 3181 deniqne
560 3112 776 3173 Manichaeorum
806 3119 833 3165 et
866 3110 1069 3166 manlianorum
1095 3112 1189 3181 dogma
1216 3111 1269 3166 hoc

171 3199 240 3248 esse,
261 3199 316 3236 non
334 3183 403 3236 alins
423 3184 558 3235 cniusdam
577 3199 678 3250 eornm,
698 3187 744 3253 qni
766 3185 907 3252 superiore
925 3191 1047 3252 tempore
1065 3192 1196 3236 sectarum
1217 3183 1268 3236 dn.

170 3271 215 3307 ces
234 3255 359 3321 inerant,
386 3255 521 3308 risibilem
538 3255 645 3308 scilicet
675 3270 735 3308 esse
760 3255 846 3307 oculis
868 3255 989 3307 humanis
1009 3255 1159 3322 simplicem
1179 3263 1206 3306 et
1225 3256 1270 3306 in.

170 3333 284 3379 creatam
312 3327 454 3379 essentiam
487 3326 561 3378 iliam
592 3327 710 3380 divinam
731 3343 809 3396 qnam
834 3343 923 3396 neque
953 3326 1094 3395 angelicae
1122 3334 1270 3394 potestates

169 3413 282 3449 cernere
299 3406 420 3464 possunt,
440 3400 493 3450 ianr
514 3399 627 3464 exposui
646 3407 673 3450 et
692 3413 821 3467 exponam
842 3407 936 3466 postea
955 3397 1062 3450 clarius.
1101 3397 1180 3450 huius
1198 3396 1270 3448 mul.

168 3468 270 3535 tiplicis
291 3469 411 3521 haeresis
436 3478 538 3537 pestem
569 3471 695 3538 concepit
712 3479 739 3522 et
762 3472 917 3537 procreavit
940 3470 1160 3538 primusomne,
1183 3468 1271 3522 Mani.

171 3541 312 3590 chaeornm
338 3542 459 3593 antistes.
504 3541 643 3594 Masaliani
661 3543 852 3608 procreandam
871 3550 1011 3605 curarunt,
1033 3539 1271 3592 iconomachorum

170 3616 264 3677 postea
281 3613 402 3676 tyrannis
421 3614 449 3664 in
467 3611 555 3664 lncem
574 3613 705 3680 protulit,
734 3613 867 3665 Palamica
889 3621 976 3664 autem
996 3627 1065 3680 qnae
1085 3627 1156 3663 nunc
1175 3617 1271 3678 regnat

171 3679 273 3732 familia
302 3683 334 3733 ad
358 3685 484 3736 maiorem
502 3685 674 3751 ignominiam
703 3684 845 3752 religionis
878 3692 905 3736 et
933 3684 1011 3736 sortis
1040 3683 1184 3746 coelestia,
1211 3697 1271 3732 cunr

170 3752 276 3817 imperii
300 3753 402 3805 anxilio
432 3756 575 3806 coniuncta
600 3756 722 3807 adhunc
751 3771 837 3826 nsque
857 3757 925 3807 diem
948 3753 1055 3819 offecit,
1074 3763 1104 3806 ut
1123 3754 1271 3820 impietatis

172 3821 293 3874 cumulus
312 3833 465 3892 angeretur.
509 3826 574 3878 inde
601 3827 684 3895 igitur
712 3827 888 3894 excipiendae
914 3833 955 3876 est
985 3827 1114 3877 orationis
1139 3825 1221 3896 filus„
1241 3833 1271 3877 ut

172 3894 250 3945 etiam
270 3892 362 3945 harum
380 3911 469 3947 rernm
487 3899 604 3948 narratio
624 3897 735 3950 formam
762 3898 878 3965 recipiat
895 3895 979 3949 multo
999 3897 1199 3964 perfectiorem.
1220 3896 1271 3948 ab.

171 3971 263 4030 reptat
280 3966 353 4016 enim
377 3968 459 4018 nimia
484 3968 564 4018 animi
583 3968 754 4022 vehementia
779 3969 879 4020 oblitus
910 3983 966 4019 snm
984 3983 1039 4020 non
1059 3967 1168 4021 silentio
1188 3983 1270 4034 prae.

170 4036 254 4088 terire
268 4051 364 4104 magna
381 4037 430 4088 illa
447 4052 478 4088 ac
497 4038 587 4089 divina
603 4041 736 4092 ecciesiae
755 4041 865 4104 lomina,
887 4039 1044 4107 Gregoriurn
1062 4047 1088 4090 et
1103 4039 1270 4104 Dionysium.

171 4107 342 4176 quamobrem
371 4108 449 4162 huius
483 4110 523 4160 rei
543 4112 722 4162 narrationem
747 4111 868 4180 quamvis
899 4109 996 4161 latiore
1024 4125 1090 4177 opus
1118 4111 1153 4162 sit
1170 4118 1271 4162 tracta.

169 4181 259 4240 tione,
291 4179 412 4231 breviter
433 4188 534 4231 tantum
553 4189 581 4233 et
600 4183 639 4234 nti
664 4181 798 4234 voluntati
822 4181 1004 4233 satisfacerem
1028 4189 1185 4249 persecutas
1204 4195 1272 4244 snm,

171 4259 198 4303 et
216 4265 296 4317 qnam
315 4249 394 4319 plara
419 4251 452 4302 ad
476 4259 613 4318 posterum
641 4252 741 4306 differri
761 4267 876 4321 aequum
896 4267 955 4304 esse
974 4259 1074 4319 putem,
1093 4253 1160 4305 illac
1179 4251 1271 4316 redeo,

169 4323 310 4391 magistros
335 4323 372 4374 ita
393 4329 502 4376 secatus
530 4332 560 4377 nt
579 4325 709 4378 eiusmodi
729 4328 866 4395 profanam
886 4323 1028 4377 verboram
1054 4323 1224 4380 insolentiam·
1246 4329 1272 4373 et
