3184 5100
330 403 382 482 ts
632 389 854 482 bisarnum
886 410 1117 481 eaaooasa
1225 499 1230 505 .

331 579 390 640 τιό
415 573 572 654 Τανάιδος
595 577 746 640 ἀναπλεῖν
771 577 826 638 καί
847 581 1009 658 περιπλεῖν
1029 578 1095 639 κατ’
1117 576 1263 652 ἐξουσίαν
1285 571 1330 651 ὥς
1351 597 1435 661 προ-

329 697 429 759 τερον.
454 670 531 741 όθεν
554 676 651 740 ον’τοί
666 699 698 739 τε
712 672 770 750 τός
791 676 909 751 οἰκείας
933 667 1082 758 ἤθροιζον
1105 672 1268 756 δυνάμεις,
1290 673 1435 759 τριήρεις

334 797 366 839 τι
391 779 517 853 πλείους
541 781 603 842 τεόν
624 781 702 852 τέως
718 776 833 850 ,ουότόν
853 773 1083 854 τατεσκεόαζον
1105 779 1162 841 καί
1177 777 1236 853 τός
1257 781 1292 842 ἐκ
1314 779 1435 839 πολλοῦ

333 879 581 962 νενεωλκημένας
612 870 864 953 καθελκύσαντες
898 877 1101 961 πανταχόθεν
1128 875 1356 958 ἐπεσκεύαζον,
1380 877 1435 941 καί

334 972 400 1058 άμα
429 979 486 1054 τός
519 982 724 1062 συμμαχίδας
757 981 812 1042 καί
843 975 1000 1063 ὑπηκόους
1032 975 1139 1054 πόλεις
1168 983 1223 1042 καί
1252 977 1369 1061 νήσσας
1402 980 1461 1052 ός5

334 1078 386 1144 τόν
408 1079 513 1145 κοινόν
545 1081 679 1146 ἐκάλουν
708 1080 828 1166 elysios,
851 1077 934 1144 ὅπλα
962 1085 1016 1145 καί
1038 1081 1174 1165 τριήρεις
1199 1082 1255 1144 καί
1274 1076 1436 1164 στρατιά-

333 1203 389 1258 τας
411 1180 598 1264 ναυμάχους
612 1179 886 1268 ουνεισφεροόοος
909 1180 989 1246 κατό
1011 1181 1068 1266 τήν
1089 1184 1224 1246 ἐνοῦσαν
1239 1177 1356 1268 ἑκάστη
1374 1182 1435 1244 δό-

333 1305 437 1364 ναμιτ.
460 1282 694 1366 ,συνεκάλεσαν
730 1285 759 1346 δ’
783 1276 840 1347 σόν
865 1283 920 1346 καί
951 1288 1013 1347 τῶν
1036 1281 1221 1366 πόρρωθεν,
1242 1282 1351 1364 όβροδς
1375 1283 1435 1361 μέν

333 1385 389 1446 καί
410 1377 469 1468 ήδη
498 1383 728 1468 μισθοόμαοιν,
751 1384 939 1469 όβροτέραις
973 1387 1002 1447 δ’
1021 1387 1052 1459 ἐς
1076 1383 1112 1447 τό
1134 1387 1248 1465 μέλλον
1267 1385 1435 1464 ἐπανγελί·

334 1509 394 1564 αις,
415 1479 533 1560 ἄλλους
552 1507 587 1547 τε
616 1483 671 1548 καί
696 1487 919 1566 Κατελάνους,
952 1485 985 1548 οἳ
1002 1479 1139 1574 ᾤκηνται
1162 1482 1249 1547 κάτω
1271 1485 1358 1568 παρὰ
1379 1481 1479 1566 τήνλθ
1509 1526 1510 1539 1

335 1589 365 1650 Γ
364 1580 491 1669 αλλικήν
528 1582 717 1667 θάλασσαν,
752 1583 813 1673 όπη
846 1590 910 1652 τεόν
940 1593 1137 1671 Πυρηναίων
1167 1585 1248 1669 όροόν
1279 1582 1309 1648 οἱ
1339 1583 1436 1659 πόδες

334 1676 469 1768 όγχιστα
490 1683 657 1770 λήγουσιν,
690 1689 722 1766 ἐς
741 1685 862 1769 τόλμαν
895 1686 1083 1770 πολεμικήν,
1105 1681 1163 1770 όση
1185 1709 1219 1750 τε
1241 1681 1434 1768 η’πειρωτική
1509 1768 1510 1775 η

333 1791 388 1850 καί
420 1779 478 1872 όση
512 1788 705 1867 θαλάττιος,
733 1791 794 1852 τοόν
826 1791 989 1873 πρωτείων
1015 1789 1124 1852 ου’δέοι
1155 1792 1304 1853 Λατίνων
1328 1808 1436 1868 παρα-

329 1889 522 1972 χωροῦντας.

267 2002 320 2054 18
428 1988 512 2054 Ἐπεί
542 1992 619 2072 γοῦν
644 1987 697 2054 διό
723 1977 825 2055 ταῦτα
848 1990 903 2054 καί
924 1991 1035 2073 Κρήτη
1066 1987 1207 2074 θόρυβον
1229 1981 1296 2072 εἶχε
1317 1988 1373 2052 καί
1393 1989 1477 2064 oleti

331 2091 431 2155 εἰπεῖν
450 2089 567 2155 ἐσείετο
589 2094 687 2173 πᾶσα,
709 2094 1013 2175 παρασκευαζομένη
1036 2090 1115 2176 πρός
1146 2086 1226 2155 όπλα
1247 2087 1435 2172 συμμαχικό

331 2213 364 2254 τε
385 2191 441 2253 καί
462 2182 523 2254 όσα
546 2193 609 2255 τῶν
631 2193 808 2270 πολεμικόν
838 2189 964 2276 ἐφόδων
986 2193 1066 2256 είσίν
1088 2186 1320 2274 α’ποτρεπτικά,
1342 2194 1438 2270 μετέ-

331 2295 443 2373 βαινον
454 2291 577 2356 ἐκεῖθεν
589 2292 770 2374 ἀρχομένου
790 2297 849 2364 rori
872 2288 958 2376 ήρος,
983 2297 1038 2356 καί
1055 2292 1148 2379 όφείς
1165 2293 1315 2374 εόιόνυμα
1328 2295 1437 2356 Σαλα-

333 2401 411 2473 μῖνα
427 2391 484 2474 τήν
497 2395 601 2476 νήσου,
626 2391 706 2457 ἔνθα
723 2397 937 2474 Θεμιστοκλέα
953 2393 1008 2459 τόν
1018 2398 1193 2470 Νεοκλέους
1209 2395 1325 2458 ἐκεῖνον
1337 2393 1437 2457 πάλαι

335 2491 418 2579 φασί
436 2489 491 2580 τήν
510 2499 570 2560 τόν
587 2498 726 2579 Περσῶν
740 2493 860 2581 ἐκείνην
872 2497 1025 2581 ναυτικήν
1038 2496 1269 2577 καταβαπτίσαι
1286 2493 1478 2577 δόναμιν,λθ
1508 2559 1509 2562 ,

335 2592 451 2679 νήσους
473 2578 511 2662 ’τε
545 2592 583 2673 ἃς
613 2598 786 2671 Κυκλάδας
811 2601 895 2683 φασί
922 2594 1142 2683 παραλλάξας,
1172 2599 1371 2661 κατέπλευσα
1403 2599 1436 2672 ἐς
1508 2629 1509 2644 ι

335 2690 479 2778 Εὔβοιαν
498 2696 555 2782 τήν
576 2701 680 2783 νήσον,
704 2695 842 2783 ὑπήκοον
865 2690 965 2765 οόσαν
985 2704 1161 2773 Βενειικοϊς
1184 2701 1263 2763 ἐτῶν
1286 2690 1349 2783 ήδη
1369 2724 1436 2779 μο-

336 2800 428 2881 κραόν.
471 2804 531 2866 καί
547 2824 589 2883 με
607 2800 800 2884 βουλόμενον
822 2802 950 2866 πλείονα
972 2800 1089 2884 χρόνον
1111 2802 1315 2884 ἐνδιατρῖψαι
1336 2798 1434 2887 ταότη

338 3090 450 3145 arbitrio
469 3099 550 3161 atque
569 3093 718 3157 voluntate,
738 3101 769 3145 ut
786 3100 888 3157 autea,
913 3093 1074 3159 navigarent
1098 3107 1129 3143 ac
1159 3092 1435 3147 circumveberentur.

337 3179 420 3233 quare
439 3180 500 3217 suas
522 3167 613 3234 copias
634 3174 802 3227 contraxere,
821 3164 968 3215 triremium
986 3172 1275 3228 numerumauxerunt,
1295 3166 1435 3217 etiamve.

338 3244 410 3289 teres
429 3252 462 3289 ex
479 3238 620 3290 navalibus
645 3238 823 3303 undecunque
842 3235 983 3303 productas
1010 3250 1094 3287 naves
1121 3234 1276 3287 reiecerunt
1301 3236 1435 3305 simulque

337 3308 424 3360 socias
443 3308 615 3377 subditasque
636 3307 715 3359 urbes
734 3306 892 3374 insulasque
910 3307 942 3357 ad
961 3308 1113 3359 certaminis
1132 3308 1289 3359 societatem
1314 3306 1435 3360 advoca.

308 3368 312 3379 '
337 3387 407 3443 runt,
428 3388 457 3431 ut
474 3395 546 3431 arma
563 3381 739 3445 triremesque
760 3387 787 3428 et
805 3379 904 3429 milites
922 3377 1050 3430 classicos
1070 3383 1118 3444 pro
1137 3394 1184 3430 sua
1203 3393 1325 3447 quaeque
1345 3380 1436 3431 lacul-

337 3459 391 3503 tate
415 3450 578 3501 conferrent.
624 3447 789 3501 advocabant
810 3450 888 3501 etiam
909 3466 941 3501 ex
959 3451 1069 3501 remotis
1088 3450 1244 3517 regionibus
1263 3450 1365 3503 milites
1376 3450 1436 3503 lar.

337 3523 379 3590 gis
408 3522 435 3571 in
461 3536 588 3588 praesens
610 3518 767 3587 stipendiis,
793 3520 955 3589 largioribus
986 3522 1014 3571 in
1040 3520 1155 3573 futurum
1181 3520 1437 3587 pollicitationibus,

338 3608 418 3662 quum
437 3592 506 3645 alios
526 3601 580 3645 tum
600 3592 753 3656 catelanos,
774 3594 820 3661 qui
839 3593 870 3643 ad
892 3592 1023 3646 Gallicum
1042 3609 1114 3644 mare
1133 3594 1247 3644 iuferius
1266 3593 1436 3659 incolentes,

337 3664 383 3715 ubi
402 3662 599 3731 Pyrenaeornrn
617 3666 745 3716 montium
764 3665 846 3731 perles
866 3665 986 3731 proxime
1006 3665 1140 3729 desinunt,
1155 3665 1257 3717 ferocia
1275 3672 1356 3733 atque
1375 3667 1436 3718 vir.

242 3774 245 3781 ,
338 3742 395 3786 tute
414 3735 514 3789 bellica
523 3738 583 3789 sive
601 3736 712 3804 proeliis
731 3736 903 3788 terrestribus
923 3738 982 3789 aive
999 3738 1097 3805 pugnis
1113 3735 1255 3790 navalibus
1275 3737 1435 3802 exbibenda,

337 3806 406 3858 nulli
425 3806 576 3859 Latinorum
596 3809 701 3865 cedant.
1300 3817 1303 3822 ⁴

439 3904 523 3968 Quum
542 3906 625 3972 igitur
643 3905 711 3957 banc
730 3904 766 3959 ab
783 3920 889 3956 causam
908 3906 988 3957 etiam
1008 3905 1087 3959 Creta
1106 3905 1219 3957 tumultu
1239 3906 1392 3958 turbaretur
1411 3914 1438 3957 et

338 3990 470 4028 armornm
492 3977 626 4028 sociorum
647 3978 817 4045 omniumque
835 3992 923 4028 rerum
942 3978 974 4029 ad
993 3976 1436 4030 hostiom'iocursionesarcendas

339 4049 495 4099 idonearum
516 4056 643 4115 apparatu
663 4050 739 4117 quasi
759 4056 959 4113 concuteretur,
978 4050 1040 4100 inde
1059 4064 1124 4100 vere
1143 4050 1253 4101 ineunte
1277 4048 1332 4100 abii
1356 4058 1437 4117 atque

339 4120 448 4171 sinistra
466 4117 599 4171 Salamine
619 4118 706 4172 insula
727 4121 930 4187 praetermissa,
956 4120 1000 4170 ubi
1019 4112 1211 4172 Themistocles
1229 4119 1339 4173 Neoclis
1365 4120 1437 4172 lilius

339 4188 471 4257 quosdam
490 4192 583 4259 copias
598 4190 710 4244 navales
730 4191 869 4245 Persarum
887 4192 1048 4243 demersisse
1067 4190 1173 4255 dicitur,
1194 4200 1221 4243 et
1239 4191 1350 4255 insulas,
1371 4203 1436 4259 quas

343 4256 474 4328 ciclades
493 4272 600 4328 rocant,
619 4270 822 4333 praeterveetus
842 4264 874 4314 ad
893 4262 1027 4314 Euboeam
1047 4262 1161 4313 insulam
1180 4262 1271 4331 appuli
1296 4264 1349 4313 iam
1366 4262 1437 4314 mul.
1504 4299 1505 4328 ,

341 4341 388 4386 tos
414 4346 497 4391 aanor
524 4335 633 4392 Venetis
659 4335 797 4388 subditam.
846 4350 898 4401 qua
922 4334 950 4410 in
975 4332 1063 4386 insula
1093 4348 1172 4402 quam
1199 4336 1307 4411 longius
1333 4342 1438 4402 tempas
1504 4335 1506 4462 η
