3184 5100
276 427 498 496 srsronrss
513 430 773 500 minimis
788 435 941 500 mne
963 418 1151 505 εεὲ-οο.
1176 436 1280 529 3501
1365 418 1373 427 ’

81 588 83 595 ’
180 590 245 653 τιόν
265 594 333 653 κατ’
357 588 452 655 αύτδν
465 593 621 675 μειζόνων
640 597 696 678 τῆς
716 596 913 681 σατραπείας
934 597 1145 683 πραγμάτων·
1177 582 1209 664 δ
1227 603 1283 667 κατ’

179 688 268 771 μάλα
292 692 416 772 μάλλον
438 692 484 769 εἰς
503 693 635 775 μείζους
655 717 688 757 τε
713 694 864 772 ἐξέκαυσε
892 696 1032 780 θρήνους
1048 694 1207 783 Ὑρκανόν,
1227 701 1283 766 καί
1302 706 1307 717 ’
1324 709 1346 716 ”
1396 688 1403 731 ³

182 787 251 872 ἀμα
273 789 354 876 πρὸς
376 793 573 878 θερμοτέρας
596 794 740 879 ζητήσεις
758 798 815 859 τού
834 798 950 877 ζάντος
970 796 1018 862 ἔτι
1037 797 1154 878 παιδδς
1172 803 1206 865 ἐν
1228 803 1280 865 δε-

180 899 282 974 σμοῖς.
308 894 356 957 διδ
379 894 435 957 καί
456 896 590 977 πέμπων
605 896 755 979 διηνεκῶς
774 895 829 960 ούκ
848 896 940 981 έληγε
956 894 1029 973 τούς
1052 901 1279 985 διαναστήσον-

150 1008 237 1068 οτας
256 992 392 1075 βασιλέα
415 994 565 1080 καὶπρὸς
585 990 718 1082 τούργον
743 997 993 1084 σπουδαιότερον
1013 1000 1278 1086 καταστήσοντας,

175 1092 330 1177 χρήματά
345 1119 378 1159 τε
394 1096 449 1160 ἐπὶ
466 1096 587 1173 τούτοις
609 1096 702 1180 ἀμὲν
725 1096 851 1163 οἴκοθεν
867 1100 987 1177 ἐδίδου,
1012 1098 1033 1163 ἀ
1054 1103 1082 1165 δ’
1103 1099 1195 1187 ήφίει
1215 1106 1278 1168 ταῖν

178 1192 255 1277 πρίν
276 1192 469 1279 ὀφλημάτων
494 1198 539 1273 εἰς
556 1197 772 1281 ἀναλωμάτων
788 1200 914 1282 χρείαν,
938 1197 1000 1265 δ’σα
1022 1199 1117 1266 ἱκανά
1137 1204 1278 1287 τριήρεις

177 1297 348 1377 πληρῶσαι
368 1296 424 1359 καί
453 1292 586 1361 ὁπλίσαι
614 1300 696 1363 κατὰ
723 1299 874 1364 Φωκέων.
916 1301 972 1365 καί
1002 1298 1068 1383 άμα
1092 1306 1276 1387 προσετέλει
1286 1312 1343 1365 ⁸0

145 1452 150 1461 ,
175 1395 233 1459 καί
253 1395 457 1479 ἐπηγγέλλετο
479 1395 526 1461 ἔτι
555 1398 610 1463 καί
640 1396 769 1481 δέσμιον
795 1400 909 1466 δύσειν
939 1400 1026 1487 αύτῷ
1046 1399 1103 1486 τήν
1123 1402 1276 1488 ταχίστην

127 1504 165 1558 10
175 1496 354 1560 Mereatur
368 1496 423 1561 τὸν
435 1502 499 1583 τῆς
522 1498 620 1566 αι’τού
630 1503 798 1585 βασιλείας
819 1502 940 1586 ἐχθρὸν
960 1503 1016 1567 καί
1036 1502 1208 1585 πολέμιον]
1220 1502 1276 1568 καί

171 1598 307 1680 μακρῶν
328 1598 362 1660 έν
381 1602 501 1684 βραχεῖ
521 1601 671 1686 θορύβων
695 1600 790 1667 οιάτδν
808 1602 1001 1680 ἀπαλλάξαι.
1043 1602 1099 1667 καὶ
1122 1603 1160 1686 δή
1181 1606 1271 1684 πρῶ-

171 1716 227 1758 τον
246 1694 344 1777 μένό
369 1686 520 1780 βασιλεύς
537 1704 589 1789 τρῖ
609 1705 671 1765 τῶν
695 1704 836 1772 Φωκέων
863 1702 1099 1788 ἐπιτροπεύοντι
1122 1698 1273 1786 πρέσβεις

173 1793 313 1879 ἔπεμπεν
334 1794 414 1885 ύπὲρ
436 1802 562 1867 τούτου·
607 1799 625 1866 ἀ
647 1805 675 1866 δ’
697 1802 852 1887 ἐπαρθείς
872 1804 919 1888 τιή
942 1802 1137 1886 εύτυχήματι
1157 1790 1271 1887 λόγους
1370 1807 1376 1812 ’
1442 1862 1464 1896 n

172 1893 380 1983 δπέρφρονας
410 1900 605 1984 ἀντέπεμπε,
638 1906 694 1967 καί
724 1898 794 1989 ᾔτει
823 1903 977 1985 χρήματα
1005 1900 1060 1965 καί
1083 1898 1271 1985 ἀξιωμάτων

125 1990 286 2081 15ὅγκους
306 1995 387 2082 ὑπὲρ
418 1997 474 2084 τήν
501 1995 616 2067 ἑαυτοῦ
643 2004 750 2087 τύχην.
802 2002 873 2067 ἐπεί
904 2003 940 2066 δέ
972 2004 1021 2076 δίς
1049 2002 1105 2065 καί
1123 2002 1193 2086 τρῖς
1216 2000 1272 2066 καί

171 2098 322 2175 πολλάκις
342 2102 398 2184 τῆς
417 2102 564 2187 τοιαύτης
587 2103 838 2187 δοκιμασθείσης
857 2104 971 2187 πείρας
990 2101 1083 2177 αύτός
1096 2125 1129 2165 τε
1148 2102 1204 2165 καί
1225 2102 1271 2177 εἷς

173 2198 372 2265 ἀποστασίαν
399 2200 517 2284 ἔβλεψε
543 2204 599 2268 καί
620 2201 780 2289 ἀπρακτον
811 2204 933 2269 ἐδείκνυ
955 2204 1012 2287 τήν
1033 2203 1089 2266 τοῦ
1111 2200 1271 2283 βασιλέως

169 2300 329 2384 σπουδήν,
359 2304 500 2388 τριήρεις
531 2302 548 2369 ὅ
576 2302 729 2387 βασιλεύς
759 2308 793 2367 ἐκ
824 2304 1005 2383 Βυζαντίου
1038 2304 1190 2387 μεγίστας
1209 2302 1269 2384 μέν

168 2408 262 2485 τρεῖς,
284 2402 403 2488 μικράς
429 2405 464 2468 δέ
487 2406 608 2490 διήρεις
629 2406 685 2469 καί
712 2404 862 2490 μονήρεις
891 2405 1019 2480 πλειόυς
1053 2403 1211 2488 ἀθροίσας
1233 2403 1268 2465 ἐκ
1368 2470 1375 2480 ‚

119 2514 159 2570 20
171 2504 308 2570 Τενέδου
329 2527 363 2570 τε
396 2506 452 2570 καί
474 2506 605 2589 Λέσβου
640 2506 696 2572 καί
719 2506 874 2590 Λήμνου,
899 2501 980 2591 άρας
1003 2504 1215 2570 κατέπλευσεν
1235 2504 1268 2578 ἐς
1300 2545 1315 2556 ··

165 2602 220 2668 τὸν
240 2609 302 2669 τῶν
325 2607 466 2673 Φωκέων
491 2608 614 2690 λιμένα.
658 2609 714 2672 καί
734 2604 752 2671 δ
771 2607 895 2690 χειμών
916 2609 949 2671 ἐν
970 2606 1091 2681 τούτοις
1112 2603 1266 2670 ἐτελεύτα.

168 2701 241 2789 ἀρτι
262 2707 297 2770 δὲ
320 2709 377 2771 τού
398 2702 476 2793 ήρος
499 2708 678 2794 ἀρχομένου
693 2707 948 2794 παρεσκευάζετο
965 2705 1046 2791 πρὸς
1068 2705 1333 2790 πολιορκίανσο

164 2803 362 2894 κάπειδήπερ
389 2806 478 2895 αύτῷ
498 2806 613 2894 ήκιστα
634 2804 744 2874 εὔοδον
754 2791 814 2892 ἠ’ν,
837 2808 866 2871 εἰ
885 2803 931 2890 μή
951 2805 1007 2871 τὸν
1025 2807 1082 2891 τῆς
1099 2803 1160 2884 ἐξω
1183 2801 1263 2889 πρά-

164 3147 298 3184 sessorem
318 3139 345 3184 et
365 3147 481 3184 summae
502 3133 529 3184 in
551 3133 667 3200 sstrepin
697 3147 785 3185 rernm
811 3133 1050 3187 administratorem
1069 3131 1259 3185 destinarent.
1358 3181 1360 3185 .

163 3219 231 3272 quae
252 3220 295 3255 res
315 3205 341 3256 in
361 3203 444 3256 inuito
462 3205 589 3256 maiorem
609 3206 662 3282 τίιη
680 3203 847 3256 lacrimarum
867 3203 1017 3271 Hyrcanum
1036 3201 1165 3269 ermpniit
1183 3210 1211 3253 et
1227 3202 1260 3254 sd

164 3275 258 3327 fortius
277 3276 463 3344 inquirendum
482 3275 564 3328 tilium
585 3277 636 3327 inrn
659 3275 802 3331 [viventem
829 3275 857 3327 in
875 3275 1002 3327 sinentis.
1031 3274 1158 3325 continuo
1176 3275 1260 3340 igitur

162 3347 194 3398 sd
214 3361 304 3414 regem
324 3348 397 3398 misit
423 3348 467 3415 qui
488 3349 618 3399 instarent
649 3355 676 3398 et
700 3347 732 3399 sd
762 3347 940 3399 iestinnntism
967 3345 1026 3397 eum
1046 3346 1198 3407 incitarent,
1217 3345 1258 3395 si.

160 3417 270 3486 mulque
290 3420 418 3486 pecunias
439 3419 531 3485 partim
551 3433 616 3488 quas
636 3435 652 3470 s
670 3419 725 3470 suis
745 3419 833 3483 dedit,
853 3420 949 3486 partim
973 3431 1038 3486 ques
1060 3417 1085 3468 ei
1103 3416 1207 3468 remisit
1224 3415 1257 3466 de

160 3491 275 3556 pristino
294 3491 397 3554 debita,
426 3491 457 3540 nd
476 3491 644 3542 nucessnriss
663 3491 813 3556 impensas,
841 3489 937 3558 quibus
954 3489 1077 3540 triremes
1095 3486 1208 3554 implere
1229 3493 1257 3537 et

159 3562 292 3613 instruere
311 3567 403 3630 posset
422 3569 513 3613 contrn
533 3561 694 3614 Phocenses.
740 3561 835 3630 hisque
855 3563 966 3628 insuper
985 3560 1083 3611 sdieeit
1103 3567 1130 3609 et
1152 3557 1254 3624 prorni-

159 3633 203 3695 sit,
219 3647 249 3682 se
269 3633 296 3684 in
315 3633 431 3686 vinculis
451 3641 478 3684 et
495 3633 650 3685 traditurum
670 3647 746 3700 quam
765 3632 926 3684 brevissimo
951 3641 1072 3698 tempore
1091 3629 1251 3682 iisttbseurn

157 3703 262 3769 imperii
274 3705 331 3756 eius
344 3705 523 3756 adversarium
543 3713 570 3756 et
580 3704 692 3766 hostem,
716 3719 830 3772 eumque
840 3704 880 3755 sie
892 3703 968 3755 brevi
986 3701 1115 3754 diuturnis
1137 3701 1251 3752 motinus

158 3775 351 3842 expediturum.
387 3777 478 3844 itaque
498 3778 607 3843 primurn
629 3789 685 3826 enm
705 3775 740 3827 ob
766 3791 822 3826 reni
842 3791 890 3826 rex
918 3774 950 3825 nd
969 3773 1145 3825 Phocensinm
1170 3787 1250 3838 pree..
1314 3810 1326 3841 ‚¹

158 3845 255 3898 iectnrn
274 3846 378 3917 legatos
396 3849 476 3899 misit.
500 3847 549 3900 ille
568 3861 633 3898 vero
654 3847 723 3898 iorte
743 3847 849 3899 fortuna
869 3854 1015 3898 commotus
1033 3843 1149 3910 superbe
1168 3844 1251 3895 rerba

156 3917 259 3969 remisit
280 3927 306 3970 et
322 3919 473 3987 ‘postulavit
490 3919 618 3986 pecunias
640 3925 667 3969 et
685 3921 838 3970 meritorum
858 3917 949 3968 trudes
969 3923 1078 3983 propter
1098 3930 1171 3967 snenr
1191 3914 1249 3965 ier.

156 3996 252 4040 tunam.
287 3999 369 4058 'quum
387 4005 454 4042 vero
474 3990 515 4042 bis
535 3998 562 4040 et
582 3997 623 4040 ter
643 3997 669 4040 et
688 3991 794 4056 saepius
814 3987 958 4056 postulatio
979 3987 1048 4038 λειω
1067 3991 1139 4037 esset
1157 3993 1184 4037 et
1200 3985 1249 4037 ille

155 4061 255 4111 inmari
275 4061 453 4112 deiectionem
482 4061 624 4112 inclinaret
654 4067 681 4110 et
699 4062 771 4130 regis
804 4075 911 4126 opernm
930 4059 1031 4110 irritem
1053 4055 1180 4120 iecisset,
1200 4073 1249 4108 rex

126 4153 131 4158 ·
154 4129 283 4200 Byzantio
301 4132 385 4184 tribus
406 4132 569 4200 longissimis
583 4129 745 4197 triremibus,
765 4130 886 4198 pluribus
904 4138 991 4181 entem
1013 4128 1117 4196 exiguis
1136 4128 1248 4180 biremi.

153 4201 201 4258 bus
222 4213 248 4256 et
266 4201 430 4256 unirernibus
450 4204 587 4256 conductis
607 4203 764 4254 exiensis
790 4211 818 4254 et
839 4201 925 4254 Lesbo
943 4209 971 4252 et
987 4209 1087 4261 temno,
1107 4200 1247 4250 confertim

152 4275 179 4326 in
198 4273 373 4328 Phocensium
393 4283 497 4343 portum
517 4276 668 4343 navigavit.
699 4275 803 4326 interes
822 4281 909 4325 antem
928 4273 1012 4324 hiems
1033 4271 1129 4324 finivit.
1165 4270 1246 4320 rede-
1308 4327 1311 4331 ¹

151 4353 215 4402 unte
234 4363 300 4402 vero
319 4348 404 4416 primo
422 4363 488 4400 rere
507 4348 539 4400 εδ
561 4345 763 4416 expugnandum
790 4359 840 4398 rex
858 4345 989 4398 τεεειτίεε
1016 4344 1063 4397 sed
1082 4356 1162 4410 quum
1181 4337 1246 4392 nnl-

204 4445 367 4520 ιιιηιιω
386 4445 496 4517 netga.
521 4442 576 4499 ror.
593 4441 649 4498 ιιι.
881 4449 887 4458 ·
1031 4438 1069 4494 ω
