3184 5100
248 456 251 485 ς
295 406 517 509 nrsromrr
534 407 792 523 orzaarruac
810 412 904 483 xxx.
925 392 1112 481 98-31.
1193 405 1265 531 tor

173 576 284 661 σαφῶς
306 576 525 658 διδασκόμεθα
547 568 597 640 ὅτι
613 578 803 661 ἐπιγίνονται
818 585 883 653 τοῖς
898 574 1081 663 πράγμασιν
1094 568 1130 645 ai
1143 602 1270 665 σήμαν-

173 677 257 741 ειααί
276 678 337 741 τῶν
353 668 517 760 ἐνομέεων
532 680 749 764 προσήγορίαι,
771 681 836 749 καλ
848 672 952 762 ῶσπερ
975 677 1064 743 σκιαί
1083 683 1148 745 τῶν
1167 703 1270 766 πραγ-

173 775 283 858 μάτων
309 779 392 843 εἰσίν
420 778 454 843 αἱ
483 780 613 866 φωναί,
641 777 721 866 apic
752 778 810 858 πῶς
831 781 968 865 κινήσεις
989 783 1053 845 τῶν
1074 780 1270 867 ὑφεστώτων

176 876 463 962 σχήματιζόμεναες
514 880 570 945 καί
599 875 648 947 ἐτι
669 874 889 958 ιαέεαοὶἷτως
911 878 999 965 ἐχει,
1030 884 1135 947 πείθει
1157 886 1271 970 σαφῶς

149 978 194 1062 δή
214 983 288 1044 θεία
310 980 417 1066 γραφή
439 980 491 1045 διὰ
514 986 570 1046 τοῦ
592 982 733 1064 μεγάλου
759 984 869 1064 Δαβίιλ
888 986 945 1047 τοῦ
977 982 1121 1066 καθάπερ
1146 983 1200 1049 διιέ
1222 1010 1271 1051 ει-

176 1080 235 1143 νῶν
256 1081 347 1145 ἰδίων
368 1087 543 1167 προσφυῶν
572 1082 732 1163 σ’νομάτων
762 1085 825 1148 τῶν
853 1086 887 1147 ἐν
916 1084 969 1167 ιής
994 1086 1152 1167 ἐνεργειάς
1172 1088 1272 1150 αυέοῶ
1334 1086 1335 1093 ’

176 1184 353 1265 νοήθένεων
374 1180 432 1265 τήν
453 1187 548 1249 θείαν
576 1182 675 1269 φῶσιν
696 1183 947 1258 ἀνακαλοῦντος·
985 1183 1271 1270 “οιίιείρμων”νγολρ
1291 1191 1306 1261 J

177 1306 256 1366 φήσι
283 1280 359 1347 “aot'
384 1279 527 1366 ἐλεήμων
542 1284 577 1360 ,ιλ
609 1280 712 1369 ιιιίρισς
725 1332 746 1364 ,.
759 1284 971 1367 perparvam
994 1283 1049 1349 ναί
1076 1288 1289 1364 πολυέλεος”.·

113 1410 130 1441 ι
177 1387 276 1447 ταῦτα
304 1387 411 1449 τοίνυν
440 1370 477 1448 τί
498 1389 661 1468 λέγουσιν,
688 1387 846 1469 ἐνεργείας
876 1381 961 1468 ἐχειν
982 1384 1038 1470 τήν
1071 1380 1276 1471 σήμασίανή

135 1478 324 1567 1οφυ’σεως;
357 1475 413 1546 oris
437 1476 476 1547 ἄν
502 1508 549 1561 τις
571 1477 648 1551 ἄλλο
669 1484 755 1567 παρὰ
787 1484 846 1567 τήν
870 1481 1030 1567 ἐνέργειαν
1060 1484 1155 1553 εἴποι.
1197 1488 1275 1553 πότε

177 1585 283 1651 τοίνυν
304 1587 476 1667 ἐνεργήσας
497 1583 570 1660 τούς
585 1583 766 1667 σιίιτιρμοιλς
778 1581 805 1645 ἲ
828 1581 904 1660 θεὸς
919 1585 974 1649 καί
988 1584 1042 1649 ets
1061 1584 1159 1668 ἐλεον,
1184 1584 1276 1669 ἔσχεν

179 1683 212 1745 ἐκ
231 1685 285 1765 τῆς
308 1686 466 1767 ἐνεργείας
491 1687 526 1748 τὸ
553 1680 671 1767 ἐνομας
696 1677 761 1767 ἆρα
781 1683 844 1767 πρὸ
868 1688 923 1767 τής
953 1686 1155 1772 α’νθρῶπίνής
1178 1690 1275 1771 ζωήςς

178 1785 232 1847 καί
251 1788 299 1861 τίς
323 1777 361 1867 ήν
383 1784 399 1847 ὅ
422 1790 606 1862 sociatione
630 1786 793 1869 δεόμενος,
825 1785 905 1851 atta
929 1784 1009 1866 persi
1034 1790 1094 1871 τήν
1116 1779 1276 1873 ἇμαριίαν

179 1880 312 1961 πάντως.
356 1881 375 1968 ή
406 1889 434 1950 δ’
464 1888 607 1972 ἁμαρτία
638 1888 718 1968 μετὰ
739 1885 795 1960 τένΙ
819 1882 1006 1972 ἄνθρωπον·
1060 1890 1175 1952 ου’νοῦν
1195 1886 1276 1969 μετὰ
1335 1918 1339 1925 ’

134 1978 231 2049 15νόν
253 1974 424 2068 ἄνθρωπον
460 1993 515 2053 καί
545 1987 563 2070 ή
588 1991 644 2052 ταῶ
665 1990 765 2053 ἐλεεῖν
793 1990 936 2072 ἐνέργεια
966 1988 1021 2053 καί
1042 1988 1075 2053 τὸ
1105 1980 1276 2054 eurietion
1310 1994 1313 2008 '

180 2076 310 2167 ἐνομα.”
331 2087 433 2175 ὁρᾶς,
455 2088 508 2153 διὰ
529 2092 589 2172 γὰρ
610 2091 700 2154 τοῦτο
723 2086 779 2153 καί
802 2087 957 2171 ὅμῶνυμα
980 2094 1101 2173 γίνεται
1121 2092 1176 2153 καί
1193 2094 1342 2171 μεθ-ιι

180 2184 356 2272 αρμόζεται
392 2190 471 2257 κατὰ
507 2190 583 2266 τούς
610 2197 664 2274 τῆς
698 2190 905 2277 ἀνθρωπίνης
934 2189 1116 2277 βουλήσεως
1144 2192 1277 2269 κανόνας

180 2290 236 2351 καί
254 2286 382 2370 νόμους.
425 2295 480 2356 καί
500 2292 557 2355 ουίν
579 2286 632 2375 ἐφ’
644 2286 714 2366 ἐνές
735 2289 806 2355 a’ta’
827 2290 881 2355 ἐπὶ
892 2294 1054 2376 ,πλείστων
1066 2314 1099 2357 τε
1124 2294 1180 2355 καί
1202 2294 1277 2356 ‹ito-
1327 2349 1332 2355 .

180 2388 291 2473 φόρων
315 2386 528 2473 ὑποκειμένων
550 2396 678 2457 ἕκαστον
700 2393 733 2456 ἓν
754 2386 791 2457 ἐν
805 2395 927 2475 λέγεται
942 2388 1054 2475 ὄνομα,
1076 2391 1110 2458 τέ
1135 2398 1278 2458 miriatos

132 2504 170 2558 20
179 2492 288 2555 εἰπεῖν.
333 2482 398 2558 οἷον
419 2496 471 2559 ἐπί
492 2493 731 2576 ὑποδείγμαεος,
753 2491 826 2578 περὶ
848 2490 1029 2578 βουλήσεως
1057 2487 1146 2577 εὕροι
1166 2516 1215 2568 τις
1238 2486 1279 2556 ἐν

180 2583 321 2672 τοῦνομα
344 2595 420 2657 ποεέ
439 2598 498 2675 μὲν
520 2596 575 2659 ἐπί
594 2597 649 2677 εής
667 2595 819 2671 asarotos
835 2591 963 2681 φύσεως
982 2599 1038 2662 νοῶ
1059 2593 1134 2660 olari
1149 2599 1277 2677 λαμβα-
1288 2611 1306 2664 i.
1319 2609 1369 2665 139
1380 2621 1407 2664 ν.

175 2696 323 2775 νόμενον,
341 2697 418 2759 ποτὲ
441 2698 470 2759 δ’
496 2697 631 2762 ἐπὶτῶν
655 2698 836 2778 κτισμάτων
861 2696 949 2782 νεαροὶ
977 2699 1039 2764 τῶν
1061 2697 1170 2780 ἁγίων,
1196 2695 1238 2772 ῶς
1261 2695 1277 2763 ὃ

177 2798 278 2879 μέγας
295 2794 490 2873 Ἀθανιέσιος
511 2797 592 2864 κατὰ
614 2800 786 2882 Ἀρειανῶν
807 2799 940 2886 γράφων
954 2801 1052 2886 φησίν
1076 2798 1118 2874 ῶς
1142 2795 1172 2864 oi
1197 2801 1275 2864 α’σε-

179 3105 263 3161 rebus
284 3105 468 3176 significantes
485 3104 620 3160 nominum
639 3100 860 3175 appellationes?
906 3113 933 3157 et
950 3111 1073 3174 tanquam
1098 3105 1207 3158 umbrae
1220 3105 1279 3160 're-

177 3197 238 3232 rum
258 3188 320 3232 suut
338 3195 422 3232 voces
447 3181 481 3232 ad
505 3181 637 3231 motiones
664 3181 863 3245 suppositorum
891 3179 1028 3230 formatae.
1063 3185 1090 3228 et
1108 3177 1175 3229 haee
1193 3180 1231 3230 ita
1250 3195 1279 3232 se

179 3251 283 3303 habere
300 3251 379 3302 nobis
400 3252 543 3318 persuadet
561 3259 654 3318 aperte
672 3252 763 3302 diviua
782 3251 913 3316 scriptura
933 3265 982 3315 per
1001 3263 1123 3316 magnum
1140 3249 1278 3315 Davidem,

181 3325 229 3390 qui
252 3322 407 3390 quibusdam
429 3324 545 3389 propriis
566 3331 593 3374 et
611 3324 698 3374 insitis
717 3322 868 3374 nominibus
888 3337 921 3372 ex
941 3321 1088 3372 efficientia
1117 3321 1174 3371 eius
1195 3321 1280 3372 intel.

180 3393 263 3446 lectis
282 3394 400 3446 divinam
419 3404 539 3446 naturam
563 3403 651 3446 vocat.
694 3395 848 3446 misericors
868 3394 956 3456 enim,
978 3393 1025 3456 ait,
1047 3399 1073 3442 et
1090 3392 1223 3442 miserens
1241 3400 1281 3442 est

182 3466 322 3516 dominusr
343 3465 461 3518 clemens
481 3474 508 3517 et
525 3466 704 3518 miserationis
722 3465 828 3532 plenus.
850 3467 918 3517 haec
937 3465 1028 3532 igitur,
1044 3462 1106 3530 quid
1117 3463 1217 3526 dieunt,
1238 3463 1281 3514 of.

181 3537 320 3588 ficientiae
340 3537 462 3588 obtinere
487 3538 708 3605 significationem
736 3545 782 3588 aut
808 3533 940 3590 naturae?
976 3549 1070 3599 nemo,
1097 3524 1181 3601 pirto,
1209 3533 1282 3584 aliud

183 3607 327 3676 quidquam
348 3624 425 3677 quam
446 3610 616 3660 efficientiam
636 3611 716 3662 dicet.
754 3610 859 3676 quaudo
884 3609 967 3674 igitur
986 3605 1106 3657 efficiens
1125 3605 1283 3658 misericor.

183 3681 254 3730 diam
275 3688 301 3730 et
319 3670 519 3732 miserationem
541 3683 647 3749 aceepit
674 3679 707 3731 ab
733 3681 881 3731 efficientia
906 3675 1024 3730 nomeu?
1066 3693 1127 3728 rrum
1149 3677 1210 3728 ante
1229 3677 1280 3726 ho.

181 3751 285 3801 minum
305 3749 409 3802 vitam?
449 3753 496 3804 sed
515 3755 574 3820 quis
596 3761 651 3804 tum
675 3752 848 3802 miseratione
866 3747 1023 3818 indigebat?
1070 3750 1148 3798 immo
1175 3749 1282 3818 omnino

181 3829 249 3890 post
267 3831 407 3889 peccatum
425 3826 601 3875 commissum.
640 3831 778 3891 peccatum
803 3829 890 3874 autem
912 3829 952 3872 est
976 3825 1037 3886 post
1051 3819 1184 3870 hominem
1205 3835 1284 3872 crea.

182 3901 256 3942 tum:
276 3894 359 3960 igitur
374 3902 436 3961 post
457 3895 590 3946 homiuem
605 3905 722 3948 creatum
742 3894 820 3944 ctiam
840 3892 983 3944 miserandi
1003 3891 1148 3942 efficientia
1167 3899 1225 3942 orta
1245 3898 1285 3942 est

185 3970 213 4014 ct
232 3965 412 4016 miserationis
442 3981 549 4017 nomen.
588 3965 703 4018 videu’?
739 3973 883 4031 propterea
914 3964 983 4014 enim
1010 3969 1037 4013 et
1066 3963 1156 4014 eadem
1176 3965 1284 4015 uomina

183 4035 252 4086 liunt
273 4045 299 4087 et
317 4040 550 4090 accommodantur
567 4040 713 4091 secuudum
739 4037 874 4087 homiuum
893 4033 1040 4086 voluntatis
1066 4033 1174 4101 regulas
1195 4043 1222 4086 et
1239 4033 1284 4085 le.

122 4139 129 4145 -
182 4121 251 4173 ges:
271 4109 406 4176 usquein
426 4110 545 4161 uuosed
565 4109 731 4176 inplurimis
756 4115 782 4157 et
800 4108 932 4169 diversis,
964 4121 1032 4173 quae
1059 4109 1196 4172 supposita
1215 4114 1284 4168 suut,

184 4179 313 4247 quodque
334 4195 441 4246 nomen,
462 4197 617 4249 quamquam
641 4195 720 4232 nuum
741 4187 791 4242 cst,
811 4186 898 4229 tamen
919 4179 1015 4229 dicitur
1035 4177 1177 4243 plurimum
1197 4177 1286 4244 signi-

149 4296 155 4301 .
181 4249 279 4315 ficare,
299 4259 329 4302 ut
348 4253 463 4319 exempli
492 4255 593 4320 gratia,
620 4253 653 4304 de
671 4247 814 4320 voiuntato'
839 4250 959 4316 reperias
984 4263 1081 4310 nomen
1106 4249 1238 4300 interdum
1257 4247 1286 4296 in

181 4329 281 4392 tratura
309 4325 429 4377 increata
452 4324 502 4378 iiiii
520 4332 693 4392 usurpatum,
713 4323 845 4377 interdum
872 4328 960 4372 autern
977 4323 1006 4374 in
1025 4321 1122 4374 creatis
1142 4335 1158 4370 a
1176 4318 1285 4392 sanctis,
