3184 5100
233 402 455 471 ursuoumn
481 387 911 508 nrmnnnnnxxxvu.
931 388 1117 472 tt-ao.
1167 400 1264 475 ,539
1353 410 1355 416 ’

169 592 228 635 στα
249 564 283 632 τό
316 569 371 650 τῆς
392 568 611 649 Μαοαλιανῆς
645 562 800 651 αἱρέσεως
830 567 988 652 μυσαρόν.
1043 569 1113 644 ἀλλ’
1147 571 1265 647 ἐκεῖνος
1275 586 1330 643 ιο

168 670 228 754 μὲν
257 671 375 733 τοιαῦτ)
405 666 538 751 εἰρηκώς
559 690 592 732 τε
619 665 688 750 δμα
725 667 780 731 καί
809 666 982 751 πεπραχώς
1003 669 1115 754 πόρρω
1128 670 1265 746 ,κανόνος

170 770 225 834 καί
245 773 343 853 νόμου
366 770 490 847 παντός,
515 768 656 849 δέδειχεν
686 766 796 849 ἔνοχον
820 761 934 832 ἑαυτὸν
961 770 1068 855 ἀληθῆ
1089 774 1136 859 τῷ
1155 771 1264 855 ἐγκλή-

168 897 256 957 ματι.
311 874 402 937 τοῦτο
431 868 492 957 γάρ
516 871 570 935 καί
599 876 666 947 τοῖς
687 870 872 945 ἐπισκόποις
909 871 1069 936 ἀκουσθὲν
1101 872 1157 937 καί
1178 870 1266 958 αὐτῷ

143 976 302 1056 δβασιλεῖ
324 972 475 1039 δέδοκταί
491 996 524 1036 τε
544 972 599 1037 καὶ
621 970 857 1057 ἀποπέφανται.
889 970 960 1036 δέον
980 970 1042 1058 γάρ
1064 969 1161 1037 ἀάτόν
1180 977 1265 1057 δαρ-

171 1083 240 1161 ρεῖν
272 1078 326 1141 κατ’
362 1079 417 1159 τῆς
452 1074 540 1157 δίκης
562 1072 640 1149 εὐθὺ
660 1080 781 1159 χωρεῖν
815 1074 871 1137 καί
895 1076 997 1158 ζητεῖν
1025 1071 1097 1149 τοδς
1117 1072 1267 1159 ἐλέγχους
1332 1151 1335 1155 ,

172 1176 228 1241 καί
249 1175 291 1252 οἷς
307 1179 440 1257 ψευδεῖς
453 1174 508 1259 τάς
533 1177 724 1260 κατηγορίας
746 1174 895 1259 ἐλέγχειν,
918 1162 1006 1261 εἴπερ
1022 1176 1110 1263 αὐτῷ
1127 1200 1164 1260 γε
1185 1177 1266 1259 ἐνῆν,

170 1274 190 1339 δ
214 1280 243 1341 δ’
266 1278 418 1362 ἐμφανῶς
442 1276 661 1361 φυγοδικήσας
677 1276 730 1342 ἐπί
751 1274 808 1351 τάς
824 1276 962 1352 ἀτόπους
980 1282 1139 1363 κατέφυγε
1160 1277 1267 1339 λοιδο-

173 1380 256 1462 ρίας,
277 1374 385 1462 δι’σπερ
409 1375 528 1453 sidon,
553 1379 608 1441 καί
627 1376 698 1453 τους
719 1376 813 1441 οὐδὲν
829 1376 916 1463 αὐτῷ
935 1380 1160 1453 συντελοῦντας
1185 1376 1398 1463 ripn-istm·

126 1474 308 1561 ίθρισμούς
329 1474 373 1553 οἷς
393 1480 449 1561 τῆς
470 1478 645 1563 ἐνεστώσης
668 1478 821 1563 αἰσχύνης
842 1477 1058 1563 προκάλυμμα
1089 1479 1145 1543 καί
1166 1478 1268 1562 πρόσ-

171 1602 285 1663 καιρον
309 1576 478 1665 ἀποφυγὴν
498 1580 555 1661 τῆς
580 1578 724 1663 ἀνάγκης.
780 1581 834 1645 ἐπὶ
866 1577 906 1664 δὴ
935 1579 1058 1655 τοότοις
1080 1577 1270 1664 δεδογμένον

172 1683 268 1757 ἐνίοις
288 1685 349 1747 τῶν
368 1680 550 1747 ἐπισκόπων
572 1682 705 1766 κατέστη
726 1689 796 1759 ταῖς
812 1683 933 1756 ἀδίκοις
950 1682 1071 1747 ἐκείνου
1092 1680 1270 1765 λοιδορίαις

173 1784 229 1845 καὶ
252 1789 318 1858 τοῖς
341 1782 534 1872 ἀφοριομοῖς
557 1784 701 1858 δικαίους
724 1782 908 1859 ἀντιθεῖναι,
934 1782 989 1855 καί
1010 1781 1200 1868 καθαιρέσει
1217 1803 1269 1844 τε-

175 1884 253 1971 λείη
266 1880 489 1969 παραπέμψαι
517 1879 571 1946 τόν
605 1879 742 1966 ἀσεμνον
765 1886 883 1947 ἐκεῖνον
910 1884 965 1947 καί
985 1886 1027 1970 τῇ
1049 1884 1195 1972 ἀσελγείᾳ
1216 1884 1271 1965 τῆς
1330 1968 1333 1972 ¹

128 1994 163 2047 15
172 1984 309 2069 γλώττης
334 1983 385 2047 ἀεί
406 1984 718 2068 ἐγκαλλωπιζόμενον
735 1988 857 2068 μᾶλλον
878 1980 898 2068 ἢ
921 1984 1160 2068 αἰσχυνόμενον.
1204 1980 1271 2046 ἀλλ’

173 2084 223 2152 ότι
244 2085 289 2170 μὴ
311 2087 367 2149 καί
384 2088 517 2167 βασιλεῖ
545 2086 733 2169 δεδογμένον
760 2089 842 2151 τοῦτ)
871 2081 910 2170 ἦν
931 2084 1118 2169 ματαιότητι
1139 2085 1194 2149 καί
1214 2108 1270 2166 νη-

173 2187 287 2255 πιιόδει
307 2186 415 2275 μωρίᾳ
436 2184 493 2269 τὴν
514 2182 586 2269 ἴσην
619 2184 778 2250 ἀντίδοσιν
809 2185 908 2272 δρᾶν,
933 2190 966 2252 ἐν
986 2185 1134 2271 μετεώρῳ
1155 2181 1196 2248 τά
1215 2183 1271 2266 τῆς

176 2288 264 2371 δίκης
287 2286 494 2370 ἀποκέκριται
522 2285 621 2370 μέχρι
650 2290 706 2370 τῆς
725 2290 793 2372 τῶν
826 2287 1069 2373 προκληθέντων
1091 2282 1271 2349 ἐπισκόπων
1364 2296 1367 2304 “

176 2387 338 2471 ἑνδημίας.
362 2383 427 2469 όγε
448 2384 512 2469 μὴν
535 2386 737 2471 πατριάρχης
756 2386 887 2462 τάςταῖν
900 2389 1056 2452 πλείστων
1076 2382 1270 2469 δυσφήμους
1281 2394 1338 2445 w

127 2501 164 2556 λθ
176 2487 406 2570 αἰσχυνόμενος
431 2486 550 2566 ἀκοάς,
582 2486 664 2554 οἴκοι
683 2487 718 2554 τό
741 2490 897 2575 παράπαν
920 2487 1070 2574 ἀπρόιτος
1091 2484 1194 2569 ἔμεινε
1215 2483 1271 2545 rori

173 2591 306 2666 λοιποῦ,
345 2577 491 2665 ἀπεὶλαῖς
525 2589 752 2675 παραπέμπων
782 2588 822 2654 τά
852 2593 1007 2673 μέλλοντα
1033 2589 1186 2653 πλείοσιν.Δ
1228 2586 1272 2648 ἐῶ

172 2689 235 2775 γάρ
257 2690 359 2772 λέγειν
381 2685 443 2754 ὅσα
455 2691 498 2776 τῇ
520 2689 657 2775 δοσηνίιγ
679 2683 798 2755 ἑαυτοῦ
816 2689 935 2776 γλάττη
956 2687 1197 2775 παραδεδωκὼς
1216 2683 1272 2769 τὴν

175 2789 329 2870 διάνοιανΔ
355 2785 544 2875 ,ἑξηρεόξατό
570 2813 604 2856 τε
632 2791 688 2858 καί
725 2790 948 2888 λελοιδόρηκεν
979 2788 1113 2871 ἀσεμνα.
1165 2785 1273 2871 γέγονε

175 3095 261 3148 xisset
288 3100 315 3144 et
343 3093 477 3146 effecisset
496 3100 589 3148 contra
618 3107 750 3158 canonum
775 3099 804 3144 et
828 3091 918 3160 iegnm
946 3091 1062 3144 omniurn
1080 3091 1274 3156 auctoritatem,

176 3168 235 3233 ipse
260 3179 358 3218 revera
383 3180 412 3215 se
437 3165 555 3216 criminis
581 3164 690 3216 noxium
717 3164 884 3214 monstravit.
935 3163 1016 3232 idque
1043 3163 1177 3230 episcopis
1196 3163 1275 3215 etiam

178 3253 256 3306 quum
276 3236 414 3287 audissent
436 3244 462 3286 et
480 3236 531 3302 ipsi
550 3237 609 3302 regi
631 3235 670 3286 itu
688 3235 831 3286 manifesto
850 3235 936 3287 visum
955 3243 1014 3299 est,
1032 3235 1195 3286 necessitate
1215 3249 1275 3285 enm

177 3316 297 3362 coactum
317 3307 439 3358 fiduciam
459 3307 509 3358 sibi
527 3321 633 3358 sumere
656 3313 682 3356 et
700 3306 825 3356 iudicium
841 3305 916 3357 veile
934 3305 1054 3372 effugere
1074 3313 1101 3359 et
1120 3303 1274 3372 excogitare

177 3378 329 3448 opprobria,
351 3386 377 3432 et
390 3379 521 3446 quomodo
533 3378 601 3428 ialsa
612 3377 663 3429 sibi
682 3379 792 3428 crimina
805 3377 875 3428 iacta
895 3393 955 3429 esse
965 3392 1115 3444 coarguere
1124 3383 1225 3442 posset,
1247 3383 1275 3426 et

176 3455 215 3505 sic
233 3451 376 3501 manifesto
392 3465 450 3500 eum
462 3458 490 3500 ut
500 3451 625 3500 iudicium
638 3451 801 3500 detrectaret
811 3450 843 3501 ad
854 3448 979 3500 absurdas
998 3450 1108 3499 iniurias
1127 3446 1275 3513 confugere

177 3532 203 3576 et
217 3521 249 3573 ad
264 3537 337 3572 cassa
355 3528 382 3571 et
395 3535 463 3572 vana
479 3521 619 3571 schismata
637 3535 706 3588 quae
717 3535 806 3571 novae
818 3521 900 3587 ipsius
914 3520 1076 3587 ignominiae
1088 3527 1212 3586 tanquam
1223 3533 1275 3568 ve.

175 3593 267 3646 lamini
282 3599 381 3654 essent,
400 3599 427 3642 et
442 3593 536 3660 quibus
547 3600 721 3658 opportunam
734 3591 847 3644 haberet
860 3592 947 3659 iugam
957 3591 1136 3642 necessitatis.
1157 3603 1275 3656 quapro-

175 3675 235 3733 pter
244 3662 381 3713 nonnullis
395 3663 529 3730 episcopis
546 3663 631 3714 visum
645 3670 694 3726 est,
709 3663 815 3714 iniustis
833 3665 890 3714 eius
903 3662 1053 3730 opprobriis
1065 3670 1092 3712 et
1102 3659 1275 3713 chismatibus

174 3739 243 3787 iusta
255 3747 392 3799 opponere
406 3749 518 3801 eumque
530 3735 628 3801 quippe
638 3742 689 3784 tam
704 3733 851 3800 improbum
865 3742 892 3784 et
904 3735 1054 3785 temeritate
1065 3731 1175 3800 linguae
1186 3732 1274 3783 conti.

174 3820 229 3858 nuo
243 3819 322 3870 supra
333 3819 437 3854 ornnem
450 3805 576 3870 pudorem
589 3805 798 3872 superbientem,
809 3821 841 3856 ex
852 3807 916 3857 sede
926 3820 973 3856 sua
991 3805 1046 3854 tota
1059 3803 1208 3870 depellere.
1227 3804 1274 3855 sed

176 3891 254 3946 qaum
274 3890 328 3926 uon
347 3875 405 3942 regi
425 3877 510 3926 visum
531 3883 620 3940 esset,
641 3877 718 3928 vanis
738 3876 861 3934 consiliis
889 3883 916 3926 et
935 3874 1034 3942 puerili
1054 3875 1205 3926 dementiae
1223 3889 1275 3942 pa.

174 3964 230 4000 rem
252 3946 396 3996 antidotum
416 3960 563 4011 opponere,
583 3947 708 3998 iudicium
727 3963 884 4016 suspensum
902 3945 1060 3999 dilatabatur
1079 3947 1165 3998 donec
1185 3947 1274 3998 vocati

175 4017 294 4084 episcopi
320 4017 519 4076 convenissent.
565 4017 716 4082 patriarcba
745 4020 828 4086 igitur
854 4034 933 4086 quum
961 4025 1014 4068 tam
1042 4017 1185 4068 multorum
1215 4033 1274 4068 eum

173 4087 374 4143 maledictorum
389 4088 510 4154 puderet,
532 4087 602 4138 domi
621 4104 651 4140 se
666 4090 799 4141 continuit
817 4103 866 4155 per
884 4089 1017 4155 reliquum
1029 4096 1144 4156 tempus,
1166 4089 1294 4140 omnino

76 4149 78 4162 '
172 4157 316 4228 negligens
344 4159 504 4209 minutiones
529 4174 627 4227 casque
646 4159 802 4226 repellens3
830 4161 906 4211 mitto
926 4160 994 4210 enim
1016 4160 1123 4225 dicere,
1142 4159 1274 4228 quomodo

76 4233 77 4290 s
173 4235 196 4284 is
215 4237 329 4280 mentem
349 4245 421 4281 snam
441 4229 584 4281 indomitae
600 4230 709 4298 linguae
727 4232 895 4284 concesserit
913 4239 940 4283 et
958 4230 1012 4281 boc
1024 4231 1104 4282 modo
1122 4231 1274 4297 turpissima

76 4309 78 4330 ¹
152 4300 337 4356 'eructaverit
364 4308 389 4354 ot
414 4297 555 4355 maledicta
582 4301 741 4370 profuderit.
779 4306 838 4354 orta
856 4309 944 4356 nutem
964 4309 1004 4357 est
1024 4301 1132 4357 consilii
1149 4299 1272 4370 penuria,
1327 4346 1331 4353 ,

435 4418 445 4456 Ι
