3184 5100
259 344 483 469 ursuonmn
512 398 770 469 eminuisse
782 404 913 469 xxxta·
932 386 1118 474 tt-tt.
1177 360 1262 475 ‘eso

163 564 298 645 ματικῆς
310 548 517 648 έμπεάληκάς
532 558 753 649 εόφροσόνης,·
764 562 993 651 μειαφραστῆς
1007 569 1139 648 Συμέων
1160 564 1265 633 όκετνα

163 664 290 744 λεγέτω,
314 662 551 749 παρεληλυθώς
563 664 638 751 ἡμῖν
664 668 822 731 ἐνταυθοῖ.
863 663 944 747 μετά
966 665 1030 751 γάρ
1051 666 1087 735 τά
1109 667 1168 745 τάς
1188 675 1267 733 πολ·
1276 686 1334 739 1⁸

163 758 222 838 λάς
251 760 371 841 ἐκείνας
401 766 546 842 κολάσεις
573 765 628 831 καὶ
657 770 813 851 τιμωριόις
841 760 1033 848 διεξελθεῖν,
1070 768 1182 845 δποέας
1212 772 1267 837 κατ’

164 854 243 937 δ’σας
262 863 451 950 ἐκαρτέρησε
473 863 605 949 πάσχων
631 865 800 947 άγενναῖος
827 865 900 931 τότε
916 868 1093 953 Θεόδωρος,
1114 869 1266 935 κάκιένων
1372 895 1377 905 ·

135 962 377 1049 δέπιτρυχάδην
397 970 553 1052 μέμνηται
584 964 640 1042 σάς
672 967 823 1052 άντεπῆγε
856 968 967 1051 λόγους
994 966 1180 1091 πανσόφους
1201 978 1266 1049 τοϊς

163 1064 227 1125 τάν
244 1062 458 1149 εἰκονομάχων
492 1062 563 1132 τότε
592 1068 704 1155 σοφοῖς
733 1072 789 1135 κατ’
816 1072 982 1155 τυράννοις
1003 1072 1115 1181 τρισὶν
1153 1072 1266 1194 έφεξης

163 1161 221 1249 τη“ν
243 1167 405 1252 διαδοχὴν
416 1174 484 1235 κατ’
508 1172 607 1236 αότοό
628 1176 853 1257 κληρουμένοις
875 1168 950 1237 έν
930 1196 1015 1238 ετεσι
1034 1175 1198 1237 πέντεκαί
1217 1169 1267 1237 εἴ-

163 1289 242 1347 κοσι,
264 1274 418 1389 λαμπραῖς
438 1274 731 1397 παρρησιαζόμενος
756 1300 809 1339 και
831 1273 890 1357 τὴν
909 1277 973 1340 τάν
989 1276 1087 1339 θείων
1107 1274 1266 1339 διδάσκων

164 1365 294 1433 εἰκόνων
318 1368 423 1457 τιμη’ν,
447 1400 498 1438 και
522 1379 693 1463 διασαφάν
713 1374 754 1441 τά
772 1379 831 1441 τοῦ
854 1376 1022 1459 δόγματος,
1045 1400 1099 1439 και
1118 1400 1159 1440 τα
1149 1373 1266 1439 ἐκτέ-

119 1482 226 1537 λθυων
248 1471 458 1559 προβλήματα
483 1476 706 1563 satrapenis
730 1472 865 1559 δυνάμει
886 1475 980 1561 λόγου
1002 1481 1057 1543 και
1077 1477 1266 1559 πνεόματος,

164 1569 208 1647 τάς
229 1576 487 1658 &raptisraptis
509 1575 564 1643 τόν
578 1583 733 1663 βασιλέα,
767 1582 876 1665 φησίν,
900 1571 1060 1644 tenedos
1087 1580 1156 1643 d''
1141 1601 1267 1661 επιχει-

163 1681 243 1756 ρεΐν,
266 1664 369 1801 άνδρῖα
389 1678 540 1743 τσσοότσν
562 1682 616 1743 ἐπι
636 1682 736 1769 σοφία
754 1665 1017 1763 ὑποποιήσασθαι
1034 1676 1267 1763 προθυμοόμε-

163 1794 226 1858 νος,
252 1776 294 1837 δι’
313 1768 353 1839 συ
373 1777 542 1843 πολλάν’
528 1804 561 1845 εν
590 1785 711 1863 βραχεῖ
738 1782 947 1863 περιέσεσθαι
969 1773 1120 1864 ἤλπισεν
1170 1776 1266 1863 ἔρωτι

162 1873 225 1959 γάρ
249 1876 370 1943 άλιόναι
391 1882 527 1962 βασιλέα
550 1906 653 1966 φησιν
681 1876 851 1968 ὁμόφρονα
881 1884 993 1946 τοῦτον
1016 1905 1121 1964 εχειν,
1144 1872 1164 1963 ἢ
1184 1875 1266 1944 πάν-

115 1981 225 2050 15τως
246 1968 357 2059 άρχειν
386 1981 481 2045 ου’δέν
503 1982 588 2070 stirpi
620 1984 872 2069 διαφερομένων.
922 1982 1091 2067 μάρτυρας
1120 1983 1151 2045 δ’
1183 1974 1328 2058 εἶναέη

162 2099 242 2160 φησι
262 2083 317 2162 τῆς
340 2082 441 2145 oritoni
469 2087 586 2169 σοφίας
616 2087 674 2148 καί
701 2088 756 2165 τῆς
777 2082 858 2166 πρός
890 2080 1066 2167 τυράννους
1088 2082 1265 2157 ε’νστάσεως

161 2171 200 2250 dr
222 2176 301 2259 όπέρ
323 2178 488 2262 εὐσεβείας
507 2186 624 2259 ἐκεῖνος
646 2186 772 2262 ἐξέθετο
789 2188 932 2266 βίβλους,
952 2186 1193 2265 διασωζομένας
1214 2185 1267 2247 άεί

161 2280 295 2370 προνοίηι
317 2286 406 2367 θεοῦ,
429 2286 604 2369 πολύτιμον
625 2279 673 2361 οἷς
692 2282 835 2368 εόσεβεῖν
849 2288 915 2351 έστι
937 2289 1067 2371 θέλησις
1087 2281 1265 2369 θησαυρόν.
1361 2344 1364 2349 .

162 2380 199 2447 osi
220 2386 316 2464 μόνον
340 2387 375 2450 δὲ
394 2385 478 2451 άλλά
501 2388 555 2453 καί
575 2386 653 2453 τάδε
680 2389 820 2467 διέξεισι.
869 2389 927 2453 τοῦ
948 2383 1099 2466 σάματος
1121 2376 1266 2470 ἦδηικα-

110 2487 379 2575 λθταξανθέντσς,
401 2492 490 2576 φησί,
510 2498 579 2566 ταῖς
599 2486 744 2571 μάστιξιν
758 2490 874 2572 αἵματί
887 2512 922 2553 τε
942 2479 1107 2575 τοόδαφος
1122 2484 1266 2570 ἐπιχρά-

162 2610 286 2670 σαντος,
310 2589 353 2665 άς
375 2590 531 2672 οάδεμιάν
562 2591 713 2678 αἴσθησιν
747 2590 847 2667 ου’τός
870 2589 1044 2674 ὑπομείνας
1074 2593 1137 2655 τάν
1159 2589 1266 2673 άλγει-

163 2691 235 2773 νῶν,
256 2687 394 2776 εἱστήκει
414 2692 535 2775 γυμνός
571 2697 712 2783 ἐνμέσῳ
739 2696 796 2760 τοῦ
815 2690 975 2778 βήματος,
999 2687 1110 2774 ὥσπερ
1127 2692 1193 2756 τινί
1210 2688 1267 2754 κό-

161 2813 233 2879 σμιγ
254 2799 326 2868 ταῖς
346 2800 481 2880 πληγαῖς
503 2795 830 2880 έγκαλλαπιζόμενος,
863 2792 920 2860 καί
947 2796 1085 2880 θέατρον
1106 2783 1191 2857 οότω
1212 2789 1268 2857 καί

909 3074 916 3105 i

162 3107 270 3160 ornarit
289 3115 316 3160 et
333 3103 430 3175 plenus
450 3117 507 3162 erat
531 3110 628 3162 amoris
658 3108 753 3162 divini.
795 3121 865 3177 qnae
888 3123 960 3162 nuno
985 3110 1080 3176 panem
1105 3109 1266 3163 intransitu

136 3178 240 3245 „nobis
259 3179 374 3232 affirmet
392 3180 509 3247 Symeon
534 3180 743 3248 metaphrastes:
770 3181 838 3248 “qui
865 3182 1079 3232 commemoratis
1099 3181 1189 3234 multis
1209 3180 1266 3234 iilis

161 3249 250 3318 plagis
267 3267 299 3304 ao
327 3252 489 3304 cruciatibus
510 3260 576 3320 quot
596 3261 623 3303 et
642 3251 736 3320 quales
763 3267 822 3302 curn
841 3252 922 3302 animi
951 3253 1100 3303 constantia
1119 3266 1265 3320 perpessus

161 3322 197 3376 sit
214 3324 397 3390 magnanimus
416 3323 580 3388 Theodorus,
600 3323 687 3374 obiter
711 3324 874 3374 mentionem
894 3337 1003 3390 quoque
1030 3322 1096 3374 iecit
1114 3339 1265 3377 sermonum

162 3407 230 3460 quos
256 3395 301 3446 irie
325 3397 353 3447 iu
378 3395 561 3448 nobilissimos
589 3403 644 3447 tum
663 3396 791 3461 temporis
815 3395 1005 3446 iconomachos
1026 3402 1053 3445 et
1081 3395 1110 3444 in
1136 3402 1264 3460 tyrannos

161 3473 217 3516 tres
236 3467 281 3533 qui
302 3467 330 3518 iu
352 3468 529 3535 principatum
547 3469 674 3532 deineeps
695 3474 884 3518 successerant
908 3467 978 3518 intra
995 3480 1079 3517 annos
1098 3466 1217 3533 quinque
1239 3472 1266 3516 et

162 3537 260 3604 viginti
289 3537 382 3592 habuit
405 3540 558 3603 liberrime,
590 3539 691 3590 sanetis
711 3537 861 3590 simuiaeris
889 3538 1078 3590 verecundiam
1096 3536 1265 3588 tribuendam

163 3622 224 3660 osse
245 3609 345 3662 docens
366 3618 393 3662 et
410 3611 547 3664 illustrans
565 3625 610 3663 res
631 3611 793 3678 dogmaticas
816 3617 844 3660 et
861 3609 1058 3661 haereticorum
1084 3623 1181 3675 pravas
1201 3608 1264 3674 opi.
1349 3650 1355 3660 .

160 3679 257 3732 nionos
276 3680 406 3734 refellens
431 3685 459 3736 vi
479 3683 651 3750 eloquentiae
681 3689 708 3732 et
733 3681 814 3732 animi
837 3682 1029 3748 magnitudine.
1072 3681 1143 3732 unde
1165 3679 1264 3730 iactum

161 3766 223 3802 esse
240 3753 305 3803 dicit
335 3761 365 3803 ut
391 3770 441 3806 rex
462 3771 520 3806 enm
548 3755 689 3806 admiratus
720 3759 793 3804 esset
820 3759 847 3803 et
872 3767 922 3818 per
948 3752 1091 3804 blanditias
1121 3750 1218 3803 fallere
1238 3757 1265 3800 et

160 3822 309 3874 conciliare
332 3823 383 3875 sibi
400 3826 545 3878 studuisset
570 3827 656 3878 virum
674 3831 747 3876 tants
766 3824 898 3889 sapientia
918 3824 1070 3892 insignem
1095 3838 1192 3890 nempe
1210 3835 1263 3889 quo

159 3901 299 3958 sperasset
315 3893 392 3946 brevi
410 3911 440 3948 se
467 3897 557 3948 multis
577 3897 692 3948 faturum
710 3896 898 3962 superiorem,
916 3894 1057 3946 Desiderio
1086 3895 1155 3947 dieit
1168 3893 1264 3944 maiori

160 3970 268 4028 captum
287 3964 372 4018 fuisse
391 3983 484 4035 regem
503 3968 572 4018 huno
602 3983 667 4019 suae
685 3967 781 4018 mentis
807 3966 919 4016 amioum
938 3965 1055 4017 faciendi
1080 3981 1158 4034 quam
1176 3967 1263 4031 impe-

158 4035 237 4091 randi
256 4036 452 4106 quibus'mens.
473 4053 527 4090 nou
543 4038 633 4089 taliena
661 4047 726 4090 erat.
776 4036 824 4089 sed
842 4037 991 4103 sapientiae
1020 4038 1078 4088 eins
1098 4047 1125 4090 et
1148 4045 1265 4088 eontan-

158 4107 243 4160 tionis
262 4108 290 4158 in
308 4116 436 4176 tyrannos
461 4110 618 4162 documenta
638 4125 697 4162 esse
725 4109 789 4160 dicit
814 4107 898 4159 libros
925 4122 992 4176 quoa
1013 4107 1046 4158 da
1063 4108 1165 4175 pietate
1183 4107 1265 4160 erui-

159 4179 251 4248 govit3
271 4181 317 4248 qui
339 4195 445 4248 semper
468 4197 501 4232 ex
521 4181 565 4232 dei
585 4180 724 4233 voluntate
743 4181 892 4247 pretiosum
910 4180 944 4230 iis
973 4180 1020 4248 qui
1037 4180 1164 4246 pietatem
1177 4186 1266 4232 anruut

159 4250 314 4305 thesaurum
333 4251 508 4320 praebebunt.
551 4251 624 4304 his'
617 4267 726 4318 insuper
753 4251 821 4304 haee
841 4249 891 4302 ille
911 4251 1046 4325 proponit.
1085 4265 1201 4319 corpus,
1219 4252 1265 4300 in-

160 4323 229 4394 quit,
249 4339 329 4392 quum
346 4325 398 4376 iam
418 4323 590 4376 dilaceratum
619 4331 690 4376 esset
716 4321 873 4376 verberibus
905 4330 932 4376 et
944 4320 1036 4376 solnm
1061 4324 1194 4392 sangnine
1213 4321 1264 4373 de.

253 4426 415 4497 Nteeptom
427 4426 536 4494 (ἕτερον.
562 4425 617 4480 Vol.
631 4423 685 4478 111.
937 4430 941 4440 ’
1044 4423 1078 4478 25

1078 4589 1084 4633 i
