3184 5100
272 421 494 494 msooama
521 427 783 500 dvalamma
806 431 931 498 xxvii.
954 409 1140 500 ta-at.
1206 423 1276 498 τσο

167 585 279 656 λείας·
331 582 365 647 τύ
395 582 455 668 γθρ
490 586 586 670 φύσει
613 587 709 656 κακόν
732 588 977 674 ἀποτρίψασθαι
1006 593 1113 681 χρύνρι
1135 593 1191 679 την
1212 597 1277 674 ἕξιν

168 679 227 756 oda
250 675 289 749 ἐν
319 705 392 748 ποτε
425 684 574 770 (lavaero,
605 685 687 755 dtld
709 692 766 754 καί
792 688 849 773 τὴν
872 695 928 758 τού
949 696 1047 756 καλοῦ
1066 696 1274 778 προσποίησιν

166 775 312 863 εὐχεροῦς
340 791 406 860 τοῖς
437 783 618 869 πράγμασιν
649 790 855 872 ἐλεγχόμενον
877 793 1077 874 α’ποσείεται,
1099 799 1273 878 παλινδρο-

94 973 99 980 .
167 887 293 971 μούσης
323 892 376 972 τῆς
408 889 534 971 φύσεως
565 894 620 956 καί
646 891 933 977 ἀναλαμβανούσης
966 892 999 958 ἐκ
1020 898 1075 960 τού
1093 892 1213 983 ῥᾴστου
1236 894 1271 960 τύ

143 983 307 1070 5γνη’σιου.
351 986 420 1066 ἐξόν
442 987 502 1074 γὰρ
528 996 590 1076 θεῷ
613 989 651 1056 τοὶ
676 995 749 1056 καθ’
775 990 875 1058 αύτύν
892 990 1108 1077 ἐπιτρέψαντα
1129 992 1186 1077 την
1209 998 1274 1064 ταῖν

169 1090 296 1154 παίδων
320 1089 528 1170 εὐδαιμονίαν
549 1091 656 1178 ἡσυχῇ
687 1094 1008 1180 πραγματεύσασθαι,
1032 1089 1156 1181 ῥρίδιον,
1184 1092 1272 1178 εἴπερ

169 1187 329 1271 ἐβούλετο,
352 1185 405 1271 ὅν,
428 1187 443 1254 ὅ
465 1195 499 1256 δὲ
522 1201 588 1268 τοῖς
611 1193 758 1275 α’σεβέσιν
784 1193 826 1270 ὥς
847 1195 994 1277 εύκυχεῖν
1018 1199 1164 1260 δοκοῦσιν
1187 1199 1218 1270 ἐς
1239 1194 1273 1260 τύ

168 1289 275 1372 παρὸν
301 1295 423 1372 μᾶλλον
459 1288 575 1360 ἑαυτὸν
609 1290 742 1368 ύναθείς
772 1296 876 1360 α’·ίύιον
909 1296 1010 1360 εἵλετο
1036 1281 1174 1380 μοχθεῖν
1205 1297 1272 1362 κατ’

167 1395 272 1472 ἐμοῦ·
314 1397 395 1478 μηδὲ
417 1392 477 1480 γύρ
505 1390 582 1460 ἄλλο
602 1421 632 1462 τι
657 1400 914 1480 μακαριζομένου
942 1398 1108 1482 γνούρισμα
1128 1402 1201 1480 βίου
1222 1404 1274 1481 γί-

125 1498 285 1566 torro-iac
307 1497 424 1570 τουτωί
444 1499 499 1562 καί
525 1495 745 1584 ύληθευούσης
776 1501 912 1578 εύζοσΐας
946 1495 1127 1584 ἢκατέἱγε
1161 1501 1195 1566 τύ
1217 1506 1274 1568 νύν

165 1597 369 1678 εύτιχούνέα
387 1594 548 1664 δύνασθαι
571 1598 719 1684 φθείρειν
736 1602 877 1683 εὐσεβεῖς
898 1604 953 1665 καί
963 1603 1065 1686 μηδὲν
1088 1603 1274 1678 α’ύικούνιας
1319 1641 1339 1658 ·

167 1693 370 1781 ἀνθρώπους,
383 1691 439 1772 σύς
460 1700 501 1762 da'
517 1701 596 1762 αύτύ
616 1723 650 1782 γε
668 1704 757 1765 τουτί
774 1704 918 1782 νενόμικε
933 1704 1112 1785 δυστυχεῖν,
1135 1697 1183 1768 ὅτι
1196 1704 1274 1768 θεύ-

166 1823 244 1882 apra
265 1801 393 1879 σέβουσι
408 1798 673 1884 τρισυπύστατσν,
691 1801 860 1886 φεύγοντες
873 1805 989 1868 α’θείον
1003 1802 1084 1883 ύμσύ
1105 1803 1162 1867 καί
1172 1810 1273 1869 πολυ-

116 1981 119 1986 !
140 1888 270 1962 -θείαν,
295 1901 390 1981 δῆλον
412 1903 463 1964 dd·
477 1903 540 1964 καί
558 1900 619 1985 γὰρ
639 1904 767 1976 ε’κείνοις
779 1904 958 1984 σύνδρομον
981 1904 1035 1967 καί
1055 1901 1110 1968 τόν
1123 1907 1180 1966 τού
1193 1908 1338 1980 llo-44

123 2000 255 2078 15λαμᾶ
272 2001 381 2082 κρίνας
399 1996 557 2085 ὑπάρχειν
570 2003 695 2083 θίασον,
714 2010 862 2084 πονηροῖς
874 2002 1103 2084 ύργύνοιςμετύ
1118 2007 1178 2068 ταῖν
1191 2002 1270 2068 α’σε-

164 2103 232 2180 aaa
247 2089 374 2164 ἐκείνων
396 2103 451 2166 καί
464 2103 583 2178 τούτοις
601 2102 759 2186 ἐχρήσατο
781 2106 849 2167 κατ’
862 2105 953 2185 ἐμοῦ,
968 2103 1019 2168 ἴνα
1031 2106 1086 2168 καί
1101 2107 1196 2168 τοῦτο
1215 2110 1405 2188 refellitis.

164 2205 200 2266 ἐκ
214 2205 331 2265 πολλοῦ
347 2205 371 2241 ”
383 2206 614 2286 ταμιευσμένης
631 2203 716 2289 αύτῷ
727 2204 794 2268 κατ’
810 2200 891 2283 ἐμού
900 2201 1065 2286 γνώρισμα
1081 2202 1206 2289 γυαέμης
1219 2204 1269 2290 εἴη

164 2305 220 2366 καί
239 2310 293 2386 τῆς
314 2306 376 2368 ταῖν
389 2298 492 2386 ὅρκων
507 2297 604 2380 αύθις
626 2302 830 2387 συγχύσεως·
857 2304 910 2368 διὰ
928 2305 995 2390 ,χύρ
1018 2305 1270 2390 αι’τῶνιᾶνιύοης

162 2407 327 2486 ἐπιορκίας
339 2403 421 2484 ἐμοῦ
440 2407 494 2470 καί
508 2405 716 2488 διχοστασίας
739 2404 828 2487 μύλα
844 2401 960 2495 ῥᾳδίως
971 2405 1028 2488 την
1051 2404 1143 2471 πόλιν
1154 2410 1270 2484 ἐκεῖνος

119 2513 153 2569 2⁰
162 2504 342 2591 ἐνέπλησεν.
386 2505 466 2585 ὀξεῖς
488 2529 521 2573 τε
541 2506 602 2592 γύρ
619 2508 663 2583 είς
687 2511 802 2573 κακίαν
824 2501 911 2583 ὄντες
931 2505 961 2573 οἱ
983 2501 1105 2594 ἄνδρες,
1126 2513 1182 2575 καί
1202 2505 1270 2591 ἅμα

163 2611 210 2696 τῷ
233 2612 474 2692 τούσχηματος
502 2610 616 2690 μέλανι
645 2606 800 2694 μετύτῆς
829 2610 977 2691 ύοεβείας
1007 2609 1061 2675 καί
1088 2609 1145 2695 τήν
1174 2613 1208 2685 ἐς
1228 2608 1268 2675 τύ

163 2713 297 2775 τοιαῦτα
320 2714 375 2793 τῆς
401 2715 553 2797 πονηρίας
583 2709 778 2795 ύπυχροῖσαν
813 2711 979 2797 φαρέτραν
1006 2708 1267 2797 συγκρύπτσυτες,

164 2810 377 2878 renodantis
405 2816 459 2877 κατ’
488 2813 692 2899 πολυτρόπων
723 2815 885 2897 γέμουσαν
911 2817 975 2879 τοῖν
995 2816 1117 2897 βελῶν,
1137 2814 1269 2879 κάκεῖνα

164 3186 265 3227 exuere
284 3186 337 3225 non
362 3178 452 3241 potest
470 3171 518 3231 sed
545 3170 624 3227 etiam
646 3187 726 3242 quum
755 3168 837 3227 facile
865 3170 945 3226 rebus
964 3180 1090 3245 arguatur
1117 3169 1268 3227 simulatio.

162 3259 224 3297 nem
243 3244 306 3299 honi
330 3245 432 3297 abiicit.
469 3246 539 3299 redit
565 3247 633 3299 enim
661 3244 746 3299 altera
770 3253 865 3297 natura
894 3253 921 3297 et
945 3246 1015 3313 quod
1034 3246 1169 3313 proprium
1189 3244 1269 3296 hahet

163 3315 293 3368 facillime
312 3317 417 3385 recipit.
445 3318 509 3371 deus
530 3326 616 3372 autem
634 3318 657 3369 si
678 3333 722 3371 res
741 3325 846 3369 nostras
864 3319 889 3369 ei
908 3317 1092 3370 tradiderimus
1112 3316 1269 3368 felicitatem

161 3388 241 3439 nobis
258 3388 365 3439 occulto
391 3398 526 3457 coorparat
553 3390 632 3457 idque
657 3396 735 3457 prout
759 3388 818 3441 vult
837 3388 974 3455 facillime.
1006 3389 1056 3440 ille
1073 3391 1162 3440 tamen
1180 3386 1268 3453 impiis

163 3461 209 3527 qui
229 3459 356 3512 fortunati
383 3477 442 3513 esse
462 3460 621 3514 videbantur
639 3462 666 3513 in
686 3475 815 3527 praesens
840 3469 923 3511 totum
941 3477 970 3512 se
991 3460 1155 3511 committere
1174 3456 1269 3509 maluit
1330 3495 1339 3522 r

163 3541 190 3583 et
212 3532 340 3583 contiuuo
360 3532 424 3583 mihi
444 3532 621 3585 calamitatem
641 3547 745 3599 parare.
783 3531 830 3585 sed
847 3532 970 3598 profecto
993 3531 1149 3584 felicitatem
1170 3536 1196 3580 et
1215 3543 1267 3580 ve-

161 3618 216 3655 ram
239 3602 403 3669 voluptatem
422 3603 522 3655 nullam
543 3603 633 3667 habet,
652 3604 704 3655 nisi
723 3604 793 3682 quod
818 3603 871 3655 hoc
888 3605 916 3655 in
935 3612 1055 3671 tempore
1073 3603 1179 3654 lortoaa
1198 3600 1268 3651 frui.

161 3683 205 3726 tar
226 3682 253 3727 et
271 3682 430 3741 potestatem
458 3676 538 3727 habet
562 3676 622 3743 pios
654 3681 681 3725 et
710 3675 830 3727 insontes
853 3674 975 3726 homines
995 3672 1182 3742 exstinguendi
1200 3685 1268 3739 quos

161 3753 272 3813 propter
295 3746 321 3797 id
341 3746 425 3813 ipsum
444 3746 569 3799 infelices
591 3753 666 3813 putat
685 3746 755 3813 quod
782 3747 880 3797 trinum
900 3746 977 3797 deum
997 3745 1089 3797 colunt
1108 3754 1135 3797 et
1154 3759 1200 3796 eos
1221 3742 1268 3811 qui

161 3817 239 3867 deum
260 3832 322 3869 esse
343 3826 444 3885 negarat
461 3834 567 3887 unaque
588 3819 633 3886 qui
647 3818 745 3871 maltos
765 3817 829 3869 deos
850 3832 909 3869 esse
933 3819 1054 3881 eredunt,
1074 3817 1188 3885 lugiunt.
1208 3815 1268 3881 ipsa

162 3889 231 3939 onim
252 3886 374 3939 Palamae
387 3891 496 3941 deorum
517 3888 614 3941 cultum
631 3886 761 3955 sequitur.
799 3888 869 3939 uode
889 3888 967 3939 etiam
996 3889 1093 3941 lactum
1113 3896 1154 3940 est
1172 3894 1202 3938 ut
1215 3899 1268 3938 una

161 3974 220 4011 cum
241 3960 329 4027 impiis
348 3958 404 4011 illis
422 3961 528 4013 nefario
550 3961 627 4011 modo
653 3976 694 4011 me
714 3960 879 4012 tractaverit.
926 3961 1017 4027 itaque
1038 3976 1071 4013 ex
1088 3960 1139 4011 hoc
1160 3972 1268 4026 quoquo

161 4030 337 4095 consiliorum
358 4032 416 4084 eius
436 4050 505 4101 quae
526 4034 553 4083 in
573 4048 615 4083 me
634 4032 685 4081 iam
704 4030 787 4081 multo
807 4047 822 4081 e
841 4038 960 4096 tempore
974 4033 1061 4083 animo
1081 4030 1220 4083 volutabat
1239 4035 1267 4078 et

160 4102 274 4169 periurii
292 4102 418 4155 iodicium
436 4104 514 4157 nobis
534 4100 665 4171 apparuit.
702 4117 751 4168 per
767 4100 831 4153 illos
847 4104 916 4152 enim
937 4104 1062 4169 periuriis
1083 4110 1109 4153 et
1127 4099 1268 4154 discordiis
1345 4126 1356 4141 ι

161 4174 255 4225 urbem
275 4172 357 4225 facile
382 4175 513 4243 implevit.
551 4190 610 4227 nam
629 4174 681 4227 riri
700 4173 778 4239 proni
799 4181 875 4223 erant
895 4174 927 4224 ad
947 4172 1047 4242 flagitia
1067 4182 1094 4225 et
1112 4190 1170 4224 cum
1188 4168 1268 4223 vultu

161 4247 232 4299 tristi
259 4253 286 4297 et
304 4246 441 4313 impietate
472 4262 577 4317 unaque
603 4244 752 4313 pharetram
778 4258 847 4311 quae
872 4245 905 4296 ad
934 4244 1056 4297 iacienda
1080 4244 1181 4313 flagitia
1201 4254 1267 4307 opus
1372 4312 1379 4319 ῃ

162 4326 220 4377 orat
240 4316 408 4375 occultantes
428 4320 509 4385 variis
529 4334 560 4373 ao
578 4316 682 4373 idoneis
702 4314 764 4371 telis
791 4315 927 4385 refertam,
953 4316 1021 4371 illud
1042 4316 1151 4371 silentio
1172 4321 1199 4369 et
1217 4326 1266 4367 co·
