3184 5100
324 361 401 445 sos
629 376 855 447 armenon
886 372 1118 447 οοοοοκιε
1225 324 1230 329 ’

220 589 225 602 .
327 545 390 624 ζων
410 538 447 624 τό
464 540 606 627 βέβαιον,
630 538 752 633 ῥηιδίως
773 542 807 608 ἐκ
827 542 883 625 τῆς
903 564 985 627 προς
1004 538 1061 626 τὴν
1081 542 1144 607 τοῦν
1157 539 1258 612 θείων
1277 540 1441 631 καίῦπὲρ
1504 530 1505 601 3

327 640 480 738 αἰσδησιν
502 641 628 730 εῦρεσιν
662 641 840 736 ἀνατρέχει,
867 640 928 707 κάκ
956 645 1014 709 τοῦ
1043 641 1139 730 φύσει
1168 642 1308 730 ἀμεροῦς
1335 646 1371 721 ἐς
1403 642 1440 709 τό
1504 628 1505 673 ³

324 745 478 833 μεριστόν
501 744 619 811 κατιάν
650 745 781 831 ἀμεροῦς
812 738 910 822 αάδις
938 742 1020 832 πρός
1041 741 1076 811 τό
1108 744 1281 832 ἀμέριστον
1311 747 1348 811 ἐκ
1371 748 1441 811 τοῦν

324 850 485 934 μεριοτιῦν
507 848 730 932 παλινδρομεῖ,
750 844 830 931 μήτε
850 848 913 911 τῶν
931 848 988 931 τῆς
1016 838 1134 911 ἑαυτοῦ
1154 845 1282 933 φόσεως
1303 846 1440 923 ἔξιστά-

323 972 418 1034 μενος
438 946 641 1032 μυστηρίων,
665 945 721 1013 καὶ
744 944 812 1030 ἅμα
833 944 890 1023 τοὶς
910 943 1022 1023 ῦλικάς
1043 927 1203 1032 ένεργέίας
1225 944 1353 1023 εἰωθώς
1377 967 1464 1021 res-5

327 1048 516 1135 ριτιῦεσδαί
528 1072 563 1115 τε
584 1046 640 1113 καῖ
663 1050 869 1131 οἰκονομικῶς
888 1048 1075 1134 ἐκπληροῦν,
1089 1046 1277 1131 ἀμοιβαίαις
1295 1046 1355 1113 καί
1383 1052 1440 1110 λε-

324 1150 477 1235 ληθυίαις
498 1148 600 1237 φόνοι
619 1144 845 1235 παραπλοκιιῖς
864 1172 898 1215 τε
916 1148 973 1215 καῖ
986 1150 1168 1236 συμφυΐαις
1181 1148 1331 1235 συνάγων
1352 1146 1442 1233 πρὸς

308 1246 450 1331 =ainerio,
473 1254 529 1319 soi
554 1252 719 1339 ἀναλόγως
737 1250 773 1319 τό
795 1246 912 1319 ἑαυτοῦ
932 1256 1002 1339 φοῦς
1022 1256 1152 1327 πολλοῖς
1163 1252 1342 1337 ἐνσπείρων
1350 1246 1439 1314 cirro-

327 1355 494 1439 κειμένοις,
515 1356 571 1421 καί
592 1351 702 1441 ὥσπερ
728 1359 857 1431 πολλοῖς
878 1356 993 1441 ἐφεξῆς
1016 1352 1172 1437 κειμένοις
1187 1352 1382 1438 κατόπτροις
1405 1352 1441 1417 ἓν

227 1529 230 1533 ,
257 1457 510 1543 Ιθέμφανίζων
530 1457 722 1542 πρόσωπον,
758 1456 815 1523 καί
841 1454 876 1523 τό
909 1454 1085 1541 κεχυμένον
1111 1456 1167 1539 τῆς
1199 1452 1276 1539 ῦλης
1298 1449 1441 1540 ἄπειρον
1451 1474 1478 1531 10

323 1558 380 1623 καί
398 1556 546 1643 ἀόριστον
570 1557 698 1633 οἰκείοις
721 1555 845 1644 περασί
855 1580 889 1623 τε
905 1557 962 1623 καί
973 1556 1119 1642 σχήμασι
1128 1558 1266 1642 μορφοῦν
1277 1556 1336 1621 καί
1356 1580 1440 1621 συν-

323 1658 404 1725 δέων
425 1659 491 1724 καῖ
503 1658 742 1745 συναρμόττων.
775 1658 833 1725 καί
852 1658 873 1743 ἦ
894 1658 971 1745 πρίν
991 1658 1226 1744 περιοδεύουσα
1243 1654 1319 1733 τοῦς
1342 1654 1440 1721 ἔνδον

319 1766 491 1847 λογισμους
512 1764 575 1827 cciv
599 1760 790 1847 ἀπορρήτων
812 1760 868 1825 καί
889 1758 990 1826 θείων
1002 1758 1198 1845 πραγμάτων
1210 1758 1348 1843 ζήτησις,
1372 1758 1440 1823 τῶν

321 1864 485 1948 αἰσθητῶν
519 1860 583 1949 ἤδη
614 1862 831 1949 ἀναχωροῦσα
862 1865 902 1948 τῇ
934 1862 981 1948 τῷ
1006 1863 1054 1948 νηΐ
1069 1859 1286 1946 Ιπροσηκούσῃ
1316 1859 1441 1945 γνιόσει

323 1964 505 2030 ἀκολουθεῖ.
547 1966 693 2031 ἐντεῦθεν
713 1963 777 2051 γὰρ
796 1961 919 2040 καῖτάς
941 1966 1035 2039 θείας
1053 1961 1110 2029 καί
1129 1959 1242 2047 νοεράς
1265 1962 1436 2048 προόδους
1447 1988 1475 2043 15

319 2065 482 2143 ἐθέλοντες
503 2068 621 2153 δηλοῦν
649 2065 788 2133 οῖδεῖοι
809 2064 945 2151 πατέρες
967 2064 1209 2151 παραδείγματι
1237 2063 1428 2151 φαινομένῳ

316 2164 387 2242 ταῖς
408 2165 502 2251 ἡλίου
526 2170 671 2255 χρῶνται
702 2167 842 2247 ἀκτῖσιν,
874 2164 912 2231 αδ
939 2165 996 2250 τὴν
1028 2164 1237 2251 έτυμολογιῦιν
1271 2164 1337 2231 ἀπὸ
1380 2190 1440 2233 του

316 2269 515 2335 ἐκτεινεσδαι
537 2269 675 2351 ἔχουσαι
692 2271 825 2352 χέονται
843 2271 903 2354 μὲν
924 2266 981 2333 οῦκ
1001 2267 1165 2349 ἐκχέονται
1188 2268 1243 2345 δέ,
1275 2266 1346 2331 ἀλλ’
1373 2268 1430 2333 ἐκ-

310 2373 473 2450 τείνονται
494 2371 587 2458 πέριξ
607 2370 690 2437 κατά
714 2369 750 2438 τό
772 2371 927 2457 ἀνάλογον
951 2372 1007 2455 τῆς
1029 2370 1093 2435 τῶν
1116 2367 1298 2452 δεχομένων
1324 2366 1429 2453 εῦρυ-

250 2490 303 2543 u
314 2471 452 2558 χωρίας.
494 2473 718 2558 πληθύνεσθαι
736 2469 799 2560 γάρ
819 2468 837 2537 ό
861 2475 950 2548 θεῖος
971 2469 1074 2558 ἔφησε
1096 2472 1252 2557 Μάξιμος
1271 2467 1326 2536 τόν
1348 2467 1471 2547 &sonno

315 2576 363 2661 τοῦ
383 2577 459 2638 καθ’
489 2569 622 2641 ἕκαστον
654 2577 701 2653 εἷς
725 2573 920 2664 παραγωγὴν
940 2579 1003 2642 τοῖν
1023 2569 1122 2642 όντων
1142 2574 1332 2658 βουλήματι,
1353 2579 1429 2650 ταῖς

318 2673 716 2761 προνοητικαῖςπροόδοις
738 2675 1120 2762 πολλαπλασιαζόμενον,
1154 2674 1263 2760 μένειν
1293 2675 1321 2741 δ’
1348 2667 1432 2756 ἀμε.

387 2855 415 2914 4.
432 2859 664 2936 παλινδρομειιῖν
682 2861 713 2918 0.

317 3023 392 3080 sibus
412 3033 541 3094 percepta
559 3033 702 3094 τοιουτου
719 3035 782 3081 sant
798 3027 850 3092 iis,
868 3036 951 3080 mens
965 3025 1112 3080 invisibilis
1136 3025 1247 3093 arripiat
1265 3039 1335 3095 qnae
1353 3027 1432 3079 firma

317 3102 379 3150 sant
399 3103 426 3148 ct
445 3097 584 3150 adrerum
603 3099 754 3151 divinarum
785 3106 812 3150 et
840 3113 921 3166 supra
949 3113 1043 3152 sensns
1072 3099 1218 3166 positarum
1245 3097 1432 3166 cognitionem

317 3167 399 3221 facile
418 3169 561 3235 escendat,
587 3178 614 3221 et
633 3171 766 3240 quomodo
785 3185 820 3221 ex
837 3171 872 3223 iis
892 3183 961 3240 qnae
979 3178 1073 3222 natura
1092 3185 1140 3222 sna
1158 3177 1221 3221 sunt
1238 3169 1378 3221 individn'a
1397 3171 1431 3222 ad

316 3253 350 3291 ea
370 3255 439 3307 quas
457 3241 487 3291 in
505 3249 595 3308 partes
613 3242 729 3294 discreta
754 3250 903 3294 cernuntur
926 3242 1080 3304 descendat,
1106 3241 1203 3294 deinde
1223 3255 1314 3292 rnrsns
1333 3256 1368 3292 ex
1381 3239 1430 3294 'his

316 3311 350 3363 ad
366 3312 504 3363 individua
522 3313 631 3376 redeat,
657 3328 747 3381 neque
765 3321 853 3365 tamen
870 3321 983 3365 naturae
1007 3313 1091 3380 ipsine
1113 3313 1248 3380 mysteriis
1271 3312 1384 3364 excedat
1404 3320 1431 3363 et

317 3381 395 3433 simnl
413 3385 542 3434 materiae
564 3391 688 3435 natarent
715 3399 795 3453 qnnnr
826 3385 914 3437 soleat
939 3385 1051 3436 induere
1079 3391 1106 3435 et
1127 3397 1177 3452 pro
1205 3383 1283 3434 modo
1301 3382 1429 3449 impiere,

317 3453 429 3504 alternis
449 3469 481 3504 ac
501 3455 649 3506 reconditis
674 3463 704 3508 ut
729 3455 822 3508 dicunt
847 3454 1098 3522 complicationibus
1126 3463 1153 3506 et
1172 3453 1375 3506 confusionibus
1395 3455 1430 3507 ad

317 3538 347 3576 sc
368 3524 471 3576 referat
492 3533 518 3577 et
536 3541 586 3594 pro
609 3527 716 3578 ratione
741 3528 828 3594 ipsias
853 3525 941 3580 lucens
971 3527 1094 3578 infundat
1125 3526 1216 3578 multis
1242 3539 1335 3577 eorum
1358 3541 1429 3594 quas

315 3595 369 3662 ipsi
389 3595 512 3648 subiecti
528 3604 599 3649 sunt.
641 3598 733 3667 itaque
763 3606 888 3668 tanquam
918 3597 1013 3650 multis
1037 3597 1262 3665 especnlisnna
1281 3597 1429 3664 eademqne

316 3664 403 3719 facies
424 3676 537 3736 apparet
562 3676 589 3720 et
612 3670 738 3722 materias
764 3685 834 3738 qnae
855 3669 938 3722 effuse
963 3669 1084 3722 infinitae
1103 3675 1165 3721 sunt
1190 3676 1217 3720 et
1241 3668 1430 3722 interminatae

293 3752 392 3789 vmens
410 3739 444 3792 ad
464 3755 538 3791 snam
566 3740 699 3792 rationem
726 3756 760 3794 ac
782 3747 903 3792 natnranr
930 3740 1027 3793 format
1055 3747 1083 3792 st
1104 3741 1175 3792 inter
1192 3755 1224 3793 se
1239 3739 1381 3808 coniungit
1402 3749 1430 3792 et

320 3810 466 3876 componit.
505 3810 696 3878 contemplatio
717 3820 805 3865 antem
821 3825 890 3881 qnae
908 3813 983 3880 prins
1004 3813 1032 3864 in
1051 3811 1132 3864 rebus
1150 3811 1255 3864 arcanis
1276 3825 1308 3862 ac
1326 3810 1429 3864 divinis

320 3879 480 3932 versabatur
507 3898 522 3933 a
552 3882 727 3943 sensibilibus
755 3885 813 3936 ianr·
845 3898 956 3953 egressa
981 3884 1079 3936 mentis
1104 3891 1303 3936 consentaneae
1326 3882 1428 3935 rationi

317 3951 411 4003 servit.
459 3967 542 4019 qnare
571 3953 657 4006 sancti
682 3964 772 4023 patres
791 3955 853 4008 dnm
872 3955 964 4007 divina
988 3970 1020 4006 ac
1038 3954 1166 4006 mentaiia
1184 3955 1316 4022 principia
1335 3953 1427 4020 expli.

318 4036 380 4073 care
400 4022 522 4088 student,
549 4039 598 4092 pro
619 4027 742 4095 exemplo
762 4021 902 4078 luculento
926 4033 1043 4079 ’ωιτηουτ
1061 4027 1143 4079 radiis
1162 4025 1228 4078 solis
1248 4026 1293 4096 qni
1316 4033 1423 4092 etymo.

319 4093 410 4161 logice
429 4108 445 4144 a
461 4095 589 4147 radiando
608 4097 736 4165 explicat!
761 4098 908 4150 fundantur
935 4098 1040 4166 quidem
1069 4111 1121 4150 neo
1146 4105 1235 4148 tamen
1255 4097 1362 4150 omnino
1382 4097 1427 4148 af.

319 4163 466 4217 funduntur
483 4166 532 4218 scd
553 4170 657 4221 extensi
672 4164 778 4221 radiant
795 4169 970 4222 circumcirca
987 4183 1036 4237 pro
1054 4167 1175 4221 locorum
1195 4166 1345 4220 latitudine.
1364 4181 1426 4218 narn

321 4235 430 4303 pienum
451 4252 511 4289 essa
533 4238 599 4290 dicit
617 4239 656 4292 St
675 4241 804 4294 linimus
822 4241 900 4292 deam
920 4241 1050 4310 cninsque
1075 4241 1233 4292 scicannae
1254 4239 1379 4307 propriae
1399 4245 1428 4290 et

323 4307 400 4362 saria
417 4305 503 4382 nnita
517 4310 634 4367 torcino
652 4312 771 4386 meones
780 4311 1062 4388 eius.prnvincetiae3
1079 4320 1170 4375 tanen
1181 4310 1346 4371 indistincto
1365 4324 1427 4366 eam
