3184 5100
246 426 469 500 msronma
496 425 754 500 ominamur
771 399 1097 498 xxviiii-lt.
1182 421 1252 502 165

145 605 220 681 μοῖς
243 594 483 673 ταλαντεύεται,
509 584 585 656 ὅταν
606 577 729 680 δναότῇ
752 600 859 672 κρῖναι
881 589 936 674 την
958 596 1036 674 γῆν,
1057 591 1113 677 την
1134 591 1253 676 βουλὴν

147 701 201 766 καί
221 695 259 763 τό
274 695 351 778 ἔργα
373 691 528 779 συνάγων,
550 698 606 758 καί
618 697 745 776 γυμνῶν
761 692 797 759 τό
820 695 1059 778 έσφραγισμένα
1075 697 1150 776 παρ’
1164 687 1252 780 αύτῷ

147 806 204 867 καί
224 797 421 880 σωζόμενα.”
472 801 502 864 εἰ
529 800 564 864 δέ
594 795 637 881 μη
662 796 856 883 πεφόνευκεν
882 795 983 871 εδθύς
1005 796 1319 880 χειρωσόμενοςΑθ

148 901 183 968 τέ
200 904 313 980 ταύτας
334 902 460 982 πριδτον
481 899 541 978 μέν
563 895 625 980 μόρ
648 898 689 960 ου’
709 896 817 982 χρεόν
840 896 915 960 α’ντδ
937 899 1001 960 τῶν
1023 901 1252 980 πεπραγμένων

122 1002 257 1066 δκακοδν
278 996 316 1064 τύ
337 995 382 1081 μη
407 999 611 1082 πεπραγμένα
634 993 889 1080 προβάλλεσθαι·
942 988 980 1060 ού
1001 995 1126 1104 γύρὶτις
1150 999 1252 1061 οἰκιάν

147 1096 332 1184 ἐμπρήσας,
364 1093 414 1162 ότι
434 1095 478 1181 μη’
508 1095 599 1160 πόλιν
629 1092 704 1180 ὅλην
736 1099 928 1181 ἐνέπρησεν,
960 1097 1067 1171 α’θαῖος
1088 1099 1176 1176 μένει
1198 1098 1255 1177 τῆς

146 1202 321 1276 κολάσεως.
344 1198 492 1282 δεύτερον
514 1200 558 1284 δέ,
580 1199 620 1262 ου’
639 1196 700 1281 γόρ
723 1201 845 1280 μᾶλλον
868 1195 922 1262 διό
947 1195 1083 1281 θάτερον
1105 1194 1255 1280 φεύξεται

146 1299 289 1384 θάτερον
309 1297 329 1384 ἢ
351 1303 394 1364 δι’
416 1296 600 1384 ἀμφότερον
620 1304 776 1384 τιμωρίαν
808 1296 943 1384 ὀφλήσει
974 1297 1029 1381 τόν
1051 1300 1174 1383 μείζω,
1206 1291 1273 1374 οἷς
1308 1311 1332 1365 ,’

146 1406 243 1468 τούτο
265 1406 324 1483 μέν
347 1399 446 1476 αύτός
479 1398 594 1485 ἔδρασε
615 1405 683 1483 νύν,
709 1404 807 1466 έκεῖνο
840 1404 875 1466 δέ
896 1403 1001 1484 θύραν
1025 1393 1131 1475 ittam
1152 1403 1255 1489 a’vtp-

108 1522 215 1590 1oysr‚
234 1500 314 1592 ἔργιρ
337 1501 497 1568 διδάσκων
533 1499 572 1566 τό
593 1505 693 1583 μείζω
716 1505 770 1568 καί
791 1506 866 1568 καθ’
897 1497 971 1587 ύλης
995 1504 1175 1583 τολμᾶσθαι
1198 1506 1252 1585 τῆς

148 1606 270 1680 πόλεως
292 1601 481 1690 λεληθότως,
504 1600 593 1678 εἴτις
615 1604 803 1688 προδιδόναι
823 1599 990 1685 βούλοιτο·
1032 1601 1254 1687 συγκεχώρηκε

147 1703 211 1790 γὰρ
237 1695 431 1784 τούλαττον,
454 1703 505 1767 ἳνα
529 1702 627 1778 αύτός
660 1707 718 1783 μέν
750 1705 888 1791 κερδαίνῃ
918 1704 951 1768 τό
971 1705 1097 1785 μειζαν,
1120 1703 1196 1786 ἡμῖν
1218 1704 1254 1768 δέ

147 1803 225 1880 τούς
247 1807 466 1888 μακροτέρους
488 1800 684 1892 έπικρεμύσῃ
708 1805 880 1880 κινδύνους.
904 1806 928 1844 “
952 1809 1055 1893 πολλῷ
1079 1803 1138 1887 γὰρ
1164 1798 1253 1886 ἥδιον
1263 1815 1282 1870 i.
1294 1814 1345 1872 1³6
1359 1831 1385 1870 a.

150 1901 237 1985 ἅπαξ
261 1903 336 1987 έμοέ
354 1927 388 1988 γε
424 1901 493 1968 τότε
523 1909 657 1986 θανεῖν,
690 1900 711 1988 ἢ
743 1905 848 1982 ζοδντα
880 1905 1041 1969 δουλεύειν
1072 1900 1191 1987 ἑτέροις
1219 1904 1253 1968 έν

108 2031 139 2085 15
150 2010 265 2095 α’δοξέρ
288 2009 438 2092 διηνεκιός
461 2003 517 2070 καδ
537 2009 714 2082 πολυειδεῖς
736 2008 810 2100 καθ’
832 2006 922 2090 ἡμῶν
941 2010 1153 2085 πλεκομένους
1174 2003 1254 2088 ὁρᾶν

148 2107 223 2184 τούς
258 2109 317 2171 τού
345 2107 489 2192 θανάτου
522 2106 683 2191 βρόχους·
738 2102 819 2173 εἶναι
840 2106 901 2192 γόρ
924 2107 979 2172 καί
1001 2109 1145 2172 θανάτου
1170 2104 1254 2189 ζωόν

149 2233 251 2294 φασιν
272 2211 486 2292 πικροτέραν,
517 2205 610 2274 όπότε
632 2214 759 2293 μυρίων
792 2206 876 2294 αότη
903 2212 994 2292 νέμει
1017 2209 1176 2289 θανάτων,
1201 2210 1256 2272 καί

148 2308 291 2374 θόνατον
313 2301 412 2384 αὖθις
435 2305 622 2394 αύθημερον
645 2314 778 2394 κρείττω
804 2315 907 2393 ζωῆς,
927 2311 1058 2388 οἷδοξέαν
1077 2313 1133 2373 καί
1153 2305 1255 2382 λύπας

148 2411 250 2493 αύτῆς
270 2405 510 2495 ἇφαιρούμενον
531 2415 586 2474 καί
607 2408 847 2477 συνθύπτόντα.
899 2412 981 2500 λόγῳ
1001 2415 1059 2492 μέν
1080 2409 1141 2493 γὰρ
1164 2411 1319 2494 serp-ss

106 2531 226 2598 ςορηκε
250 2511 367 2591 ζῶντας
396 2506 501 2595 ἡμᾶς,
530 2513 569 2577 δι’
608 2513 693 2601 αδτρλ
716 2511 835 2599 πιθανη
867 2516 940 2598 τῆς-
957 2513 1202 2599 φιλανθρωπίας
1234 2510 1254 2595 ἦ

148 2614 312 2698 πρόφασις
332 2604 363 2699 ᾗ,
387 2616 583 2701 καυχωμένη)
608 2612 705 2679 saort*
734 2614 787 2677 διὰ
823 2614 969 2699 κηρύκων
990 2637 1024 2677 τε
1054 2614 1109 2675 καί
1128 2610 1257 2676 έπιστο-

150 2717 215 2779 triv
251 2709 331 2796 πρός
364 2706 449 2777 ἅπαν
476 2710 568 2790 ἔθνος
601 2708 676 2780 όοον
706 2712 836 2800 έφικτόν
865 2712 924 2781 σύν
954 2714 1043 2794 μάλα
1076 2714 1186 2801 μακρᾷ
1218 2714 1259 2797 τῇ

150 2816 277 2902 σπουδῇ
298 2816 353 2879 καί
374 2807 512 2902 δαπόνη,
532 2812 613 2905 ἔργῳ
636 2820 672 2883 δέ
693 2815 770 2891 τούς
794 2819 951 2893 δεσπότας
975 2813 1058 2898 ἔχων
1080 2813 1113 2881 όν
1136 2814 1259 2898 α’νδρα·

153 3071 255 3124 trutina
275 3069 495 3123 examinabuntur
513 3086 529 3123 a
547 3072 598 3123 deo
616 3073 639 3125 si
658 3073 764 3125 venerit
782 3072 882 3124 iudicia
896 3070 997 3124 laturus
1015 3072 1122 3135 mundo,
1141 3077 1257 3124 mentem

152 3150 270 3195 nostram
290 3158 322 3193 ac
339 3158 383 3194 res
401 3151 491 3210 gestas
519 3144 682 3199 conterendo
712 3152 739 3196 ct
766 3159 835 3213 quas
854 3143 924 3211 apud
948 3159 978 3195 se
1006 3145 1125 3208 reposita
1150 3150 1259 3195 suntet

154 3222 293 3266 asservata
319 3214 528 3281 depromendo.”
571 3217 633 3285 quid
652 3230 737 3281 vcro,
765 3218 788 3267 si
813 3214 862 3266 illo
886 3230 939 3266 non
968 3214 1102 3281 extemplo
1130 3230 1178 3280 per
1203 3216 1257 3265 vim

154 3286 264 3339 caedem
285 3284 372 3337 fecit?
408 3288 520 3352 primum
538 3286 614 3339 nulla
638 3296 679 3340 est
697 3302 776 3338 causa
803 3303 849 3339 eur
871 3301 919 3353 pro
947 3286 1106 3353 perpetratis
1126 3286 1258 3335 facinori.

153 3358 203 3409 bus
225 3372 295 3424 quac
318 3372 372 3407 nou
402 3364 554 3425 perpetrata
582 3360 636 3411 sint
663 3359 839 3427 proferamus.
886 3374 975 3427 neque
1000 3358 1070 3407 enirn
1091 3357 1136 3424 qai
1154 3356 1258 3406 domum

154 3428 275 3481 incendit
304 3429 374 3495 quod
409 3443 462 3480 nou
488 3438 569 3481 totam
594 3430 686 3482 urbem
706 3431 825 3482 incendit
844 3445 944 3483 vacuus
969 3444 1055 3497 poena
1075 3437 1125 3480 est.
1163 3426 1259 3477 deindo

154 3507 254 3563 autem,
273 3514 327 3550 nou
346 3509 456 3567 propter
474 3500 586 3553 alterurn
607 3501 834 3570 iugictualterum
854 3502 901 3557 sed
919 3503 1008 3568 potius
1027 3508 1138 3567 propter
1155 3506 1259 3549 utrum.

155 3586 207 3640 quc
227 3577 329 3637 poenas
348 3572 462 3623 maiores
481 3571 579 3624 solvctr
627 3590 687 3625 nam
707 3574 778 3642 quod
804 3575 883 3624 modo
902 3575 961 3639 ipsc
979 3573 1110 3622 commisit
1128 3572 1156 3621 id
1173 3571 1260 3636 ipsum

154 3650 257 3711 portam
278 3642 390 3694 reclusit
420 3643 489 3694 aliis.
531 3660 630 3697 summa
655 3645 775 3697 conando
802 3646 880 3696 etiam
911 3647 938 3695 iu
961 3652 1042 3695 totam
1071 3642 1162 3693 urbem
1192 3640 1261 3694 alios

155 3714 283 3782 praeivit,
301 3728 390 3782 neque
410 3730 472 3765 uum
492 3718 550 3782 quis
571 3718 714 3785 aliquando
738 3732 793 3768 eam
812 3717 964 3784 proditurus
984 3723 1055 3767 esset
1068 3715 1156 3765 auimo
1177 3728 1263 3780 repo-,-

155 3787 233 3837 tavit.
258 3784 319 3837 aliis
341 3801 426 3852 pauca
446 3788 551 3854 quidem
571 3791 705 3841 concessit
720 3789 767 3842 scd
786 3790 848 3841 inde
867 3796 897 3838 ut
915 3790 974 3853 ipse
993 3787 1107 3854 plurima
1126 3786 1263 3837 commodo

155 3858 302 3923 acciperet.
339 3856 417 3908 nobis
437 3874 501 3910 sanc
521 3876 620 3911 summa
639 3861 760 3927 pericula
777 3861 894 3912 immisit
905 3867 932 3910 et
949 3874 999 3927 ego
1019 3857 1132 3910 antebac
1150 3866 1262 3909 mortem

156 3928 316 3979 occubuisse
343 3926 432 3979 malim
460 3946 536 3997 quam
558 3934 685 3983 continuo
712 3948 783 3983 nunc
803 3931 864 3983 aliis
883 3932 996 3997 turpiter
1022 3931 1126 3982 servire
1145 3939 1172 3981 ct
1188 3931 1264 3981 varia

156 4015 224 4068 quae
243 3999 322 4051 nobis
341 4000 516 4053 admoventur
535 4005 628 4054 mortis
647 4011 778 4055 tormenta
804 4012 866 4054 autc
890 4003 984 4053 oculos
1009 4002 1119 4053 babere.
1158 4009 1264 4053 constat

156 4073 227 4123 cuim
246 4078 333 4121 morte
354 4072 436 4124 vitam
457 4074 624 4125 acerbiorem
644 4091 704 4126 csse
723 4090 803 4142 quum
822 4075 898 4126 millo
920 4076 1013 4125 mortis
1033 4074 1194 4125 cruciatibus
1214 4090 1261 4124 re.

154 4143 228 4209 pleta
248 4143 301 4205 sit,
327 4138 418 4194 contra
436 4146 548 4197 subitam
573 4156 683 4198 mortem
704 4148 759 4198 vita
779 4148 915 4199 meliorem
942 4162 1021 4215 quum
1040 4148 1098 4197 eius
1117 4145 1263 4212 turpitudi-

153 4230 215 4265 nem
237 4221 264 4265 et
282 4214 415 4267 tristitiam
434 4216 514 4269 tollat
534 4227 560 4270 et
577 4234 666 4271 secum
686 4218 810 4284 sepeliat.
829 4219 878 4271 ille
898 4220 968 4271 enim
984 4217 1069 4269 verbo
1088 4218 1193 4285 quidem
1214 4229 1264 4265 nos

155 4286 285 4353 protexit.
325 4286 395 4353 quod
410 4295 440 4338 ut
462 4298 560 4341 certam
577 4290 747 4343 liberalitatis
767 4304 832 4342 tuac
850 4292 967 4357 speciem
986 4290 1099 4341 baberet
1118 4304 1167 4355 per
1184 4300 1266 4353 prse-

156 4373 246 4431 concs,
262 4364 289 4421 et
308 4356 412 4413 litteras
448 4376 524 4429 qoam
549 4362 689 4428 celerrime
711 4370 741 4447 pt
765 4378 824 4415 cum
853 4370 957 4431 sumpto
980 4360 1098 4431 singolis
1118 4359 1267 4429 quibusque
