3184 5100
165 414 171 421 '
239 458 249 467 .
322 389 396 467 390
637 395 861 474 Mcdtttom
895 394 1128 465 outcome

314 560 410 628 ταυτί
429 560 485 627 καί
514 565 720 645 μακροτέρων
747 566 853 651 πολλρῖ
881 564 943 627 τών
965 564 1103 645 ἐλέγχων
1135 551 1247 647 ἢκατ’
1270 563 1424 639 ἐκείνους.

249 663 445 739 υέκείνοις
464 666 524 745 μέν
545 661 606 747 γδρ
628 658 700 739 ἓνδς
729 668 862 729 τουτουί
892 667 947 729 καί
965 664 1151 743 μονοειδοῦς
1180 663 1362 729 σκανδάλου
1384 660 1422 727 ro*

257 800 265 827 t
314 767 448 848 πρᾶγμα
468 769 576 848 γέγονε
599 759 771 850 πρόφασις,
796 768 836 829 δι’
860 761 897 849 ἢν
912 768 1014 840 κακῶς
1032 766 1076 852 τῷ
1097 766 1182 853 καλῷ
1203 786 1425 846 προσκεκρου-

314 864 400 939 κίτος
421 869 477 949 τῆς
499 866 654 950 α’ληθειλις
685 859 807 943 ἐκόντες
840 864 1047 951 ἐξώσθησαν,
1079 862 1159 947 πρδς
1193 868 1424 947 είκονομαχίαν

314 966 435 1055 ῥηιδίως
455 970 702 1041 ἐκκυλισθέντος.
745 956 833 1033 οὗτοι
856 970 885 1032 δ’
913 968 951 1031 οδ
972 967 1069 1049 μόνον
1090 961 1271 1049 μόνον’τοίι
1292 961 1450 1039 ποίθουςδ

313 1072 434 1135 ἐκείνου
452 1071 606 1151 μετέσχον
618 1093 652 1134 τε
667 1061 736 1151 ἅμα
749 1073 804 1133 καί
825 1065 1014 1153 δπερέσχον,
1035 1068 1078 1143 cic
1098 1066 1234 1152 εἴρηται,
1258 1067 1340 1131 ἀλλὰ
1364 1065 1425 1129 καί

314 1172 427 1235 κακίαν
449 1160 548 1255 δι’λλην
576 1172 630 1235 ἐπί
659 1174 752 1261 κακίρι
778 1169 1155 1255 προσεπεδαψιλενίσαντο
1183 1169 1336 1250 πολυειδῆ
1366 1164 1425 1230 καί

315 1269 534 1357 πολύμορφον.
577 1271 649 1337 τίνα
668 1270 707 1356 δὴ
728 1272 867 1357 ταύτηνς
889 1268 947 1354 τὴν
966 1274 1031 1335 τών
1052 1272 1198 1353 Εδχιτών
1221 1264 1341 1353 δηλαδὴ
1364 1272 1424 1332 καί

317 1375 563 1457 Μασαλιανών,
595 1365 640 1437 οἷν
659 1372 695 1439 τὸ
716 1376 771 1457 τῆς
791 1372 917 1459 γνώμης
938 1369 1064 1457 σαθρδν
1090 1369 1145 1435 καί
1173 1369 1421 1457 ἀμφισβητήσι-

315 1495 376 1557 μον
397 1477 454 1539 καί
471 1468 540 1556 ἅμα
562 1474 596 1540 τδ
618 1477 676 1560 τῆς
695 1475 830 1550 πίστεως
853 1467 984 1539 ἄπιστον
1004 1471 1034 1537 οἱ
1058 1477 1141 1537 θεῖοι
1166 1472 1220 1554 τῆς
1251 1467 1421 1555 ἐκκλησίας
1433 1480 1468 1537 10

313 1571 502 1641 διδάσκαλοι
524 1575 624 1641 πάλαι
655 1572 882 1659 κατεγνωκότες
903 1576 987 1661 ἡμᾶς
1020 1574 1199 1656 α’πέχεσθαι
1228 1572 1423 1655 παρηγγυή-

311 1700 418 1743 σαντο.
471 1675 593 1744 τούτων
619 1676 683 1762 γδρ
714 1676 747 1742 οἲ
769 1681 830 1759 μὲν
862 1680 989 1766 οίοέμνιρ
1020 1676 1162 1764 λογισμῷ
1192 1677 1247 1739 καί
1278 1672 1422 1757 γλώττης

311 1769 448 1869 ιῖκρασίρ
488 1778 590 1863 αιίτην
627 1777 708 1864 δρᾶν
742 1782 828 1867 φασί
855 1781 913 1844 τοῦ
942 1780 1022 1844 θεοῦ
1053 1774 1109 1861 τη“ν
1144 1769 1276 1856 οδσίαν,
1310 1774 1423 1849 ου’τοῖς

311 1877 490 1961 ὁμιλοῦσαν
531 1882 659 1962 α’μέοως
697 1878 765 1965 ἅμα
796 1880 851 1945 καί
894 1881 955 1964 οιίχ
991 1876 1027 1944 δν
1063 1883 1166 1967 ἐκείνη
1208 1875 1325 1962 τρόπον
1366 1874 1425 1939 καί

312 1974 362 2047 ὅτε
390 1979 559 2067 βοδλεται,
591 1983 661 2049 ἄλλ’
694 1978 731 2048 δν
760 1981 869 2048 ου’τσί·
915 1979 948 2046 ct
974 1984 1008 2047 δέ
1034 1978 1068 2045 vd
1098 1982 1154 2065 τῆς
1184 1982 1277 2058 θείας
1306 1977 1423 2055 οδσίας
1434 1990 1467 2045 15

206 2165 208 2174 1
311 2084 433 2149 δπλοῦν
451 2109 487 2149 τε
509 2084 564 2168 καί
581 2082 679 2167 μόνον
708 2078 855 2151 ὄκτιστον
886 2078 1076 2158 ἀθετοῦντες
1104 2078 1304 2146 παντάπασιν
1326 2081 1423 2144 α’πεί-

246 2196 300 2250 88
312 2208 427 2267 ροις-τε
440 2184 610 2273 διαφόροις
622 2185 773 2272 θεότησιν
791 2185 948 2261 οἶκτίιποις
964 2184 1219 2265 κατατέμνουσιν.
1242 2184 1296 2246 καί
1307 2182 1423 2247 σιωπώ

309 2284 371 2362 ,τὰς
393 2287 567 2368 ἀθεμίτους
596 2292 652 2353 καί
680 2289 902 2368 δαιμονιώδεις
924 2282 1054 2371 πράξεις
1086 2286 1193 2349 αιίτών
1222 2281 1276 2347 διά
1300 2304 1335 2366 γε
1359 2279 1423 2365 δη’-

310 2409 373 2451 που
395 2385 431 2453 τό
461 2387 506 2473 μὴ
531 2381 582 2453 δ’τι
613 2386 737 2475 γλώττη
758 2410 794 2470 γε
829 2389 1022 2472 προφέρειν,
1054 2382 1135 2449 οἷλλοὶ
1166 2385 1222 2447 καί
1241 2386 1322 2472 ψιλῇ
1352 2385 1422 2447 τινί

311 2486 433 2579 ἐπινοίρι
452 2491 638 2573 μεμνῆσθαι
669 2493 742 2555 λίαν
763 2484 918 2574 αἰσχρόν·
971 2489 1091 2552 λεκτέον
1113 2486 1149 2549 δ’
1182 2475 1266 2566 ὅμως
1293 2479 1331 2547 τοί
1358 2484 1463 2551 rodco

310 2592 403 2654 θείου
428 2592 585 2672 Μαξίμου
607 2593 684 2673 περί
708 2589 814 2656 adrev
836 2593 1000 2674 εἰρημένα,
1023 2589 1233 2672 ἐξηγουμένου
1255 2583 1309 2649 τὸν
1329 2581 1421 2668 ἱερὸν

314 2691 495 2757 Διονύσιον.
539 2689 620 2778 φησί
642 2687 704 2776 γὰρ
723 2688 773 2756 δτι
801 2693 941 2775 τριετίαν
962 2688 1061 2772 μόνον
1083 2680 1188 2773 ἄκρως
1210 2680 1419 2771 ἀσκήσαντες,

382 2880 426 2934 22.
445 2881 582 2954 Μαξίμου
605 2881 637 2936 ἐκ
654 2884 701 2947 τῆς
719 2882 758 2943 εἰς
786 2876 836 2935 τδν
865 2876 949 2952 δγιον
974 2837 1132 2936 Διδνιίοιον
1158 2877 1310 2952 ἑρμηνείας
1328 2875 1361 2932 ἐν
1383 2874 1420 2946 τῇ

383 2956 493 3025 θεωρίᾳ
509 2953 561 3007 sod
577 2955 734 3026 μυστηρίου
746 2955 800 3030 τῆς
816 2951 975 3027 μοναχικῆς
992 2943 1170 3040 τελειώσεως.

312 3098 359 3167 pia
379 3095 474 3166 pulcra
492 3095 660 3150 offenderent
688 3104 716 3150 et
739 3113 756 3149 α
776 3097 895 3151 variata
921 3103 1018 3164 sponte
1037 3095 1197 3148 recederent
1220 3094 1253 3148 ad
1274 3090 1422 3149 simulacra

314 3169 454 3224 evertendi
472 3170 587 3222 stadium
605 3169 717 3222 redacti.
754 3169 782 3221 iri
801 3185 867 3222 vcro
881 3177 941 3221 ‘non
958 3168 1045 3222 solnm
1064 3183 1123 3220 curn
1140 3167 1192 3218 hac
1209 3183 1240 3218 re
1257 3161 1421 3220 'societatem

313 3243 437 3294 fecerunt
455 3248 483 3292 et
503 3248 533 3292 nt
550 3242 648 3293 dictum
669 3248 709 3294 est
727 3240 788 3308 plus
807 3247 996 3308 perpetrarunt
1014 3238 1216 3296 sedetiamalio
1231 3237 1308 3291 modo
1329 3251 1422 3304 qaan-

312 3321 368 3365 tnm
386 3313 444 3364 deri
464 3313 553 3379 potnit
571 3321 750 3365 exercuerunt
766 3314 931 3380 impletatem
950 3327 1024 3366 suam
1047 3310 1246 3362 multiformem.
1284 3307 1346 3378 quid
1365 3322 1421 3358 au.

311 3393 366 3438 tens
384 3384 512 3436 Enchitas
546 3391 573 3434 et
591 3384 766 3439 diasaalianoa
791 3399 1012 3448 commemorem,
1042 3397 1152 3451 quorum
1174 3382 1316 3449 opiniones
1335 3377 1420 3430 falsas

313 3463 341 3508 et
358 3455 496 3524 ambiguas
514 3454 718 3524 haereticasque
746 3457 832 3508 sancti
854 3455 989 3508 ecclcsiae
1015 3463 1105 3522 patres
1124 3452 1189 3504 olim
1209 3452 1421 3504 condemnarunt

313 3534 341 3580 et
357 3542 374 3578 α
392 3527 490 3595 quibus
516 3526 696 3580 abstineamus
723 3543 774 3580 nos
793 3527 898 3580 volunt.
936 3541 1049 3594 quorum
1077 3526 1105 3577 hi
1132 3525 1242 3591 indigna
1268 3521 1420 3576 ratiocina..

311 3601 386 3652 tione
406 3606 434 3649 ct
461 3597 571 3666 lingone
595 3600 706 3665 ineptiis
732 3602 818 3667 ipsam
842 3615 872 3652 ac
896 3597 990 3652 videre
1017 3598 1181 3650 contendunt
1207 3596 1251 3648 dei
1272 3593 1421 3646 essentiam

312 3685 382 3740 quac
402 3670 510 3721 adesset
527 3670 594 3736 ipsis
608 3670 686 3722 nulia
695 3687 727 3723 re
736 3672 921 3722 intercedente
938 3670 1019 3738 idque
1030 3683 1084 3722 non
1101 3683 1154 3737 quo
1166 3667 1243 3720 modo
1267 3673 1294 3716 et
1311 3663 1420 3732 quando

312 3741 380 3794 haec
399 3739 494 3806 veliet,
513 3743 613 3794 sedat
638 3743 691 3809 ipsi
709 3741 824 3794 vellent.
867 3741 909 3792 itti
927 3749 1022 3793 autem
1041 3742 1157 3794 divinam
1187 3739 1329 3790 essentiam
1351 3735 1422 3787 sim-

311 3813 411 3881 plicem
433 3819 461 3862 et
485 3827 565 3864 anam
591 3821 618 3864 et
644 3812 727 3865 solam
758 3815 905 3865 increatam
929 3811 1101 3880 agnoscunt3'
1122 3812 1170 3863 sed
1194 3811 1222 3861 in
1245 3808 1362 3860 infinitas
1393 3814 1423 3858 et

313 3884 402 3936 varias
422 3882 536 3934 deitates
561 3884 695 3937 increatas
722 3901 780 3936 eam
805 3884 964 3937 dissolvunt.
1010 3883 1082 3936 faces
1112 3882 1206 3934 horum
1224 3878 1371 3932 insolentia
1394 3885 1424 3928 et

311 3955 418 4007 nefaria
435 3953 556 4005 facinora
582 3972 652 4024 qnae
677 3955 771 4024 lingna
788 3957 912 4023 proferre
938 3956 1016 4006 etiarn
1037 3969 1091 4007 uno
1112 3959 1212 4006 tanturn
1231 3949 1316 4006 verbo
1335 3949 1423 4000 attin.

313 4041 380 4096 gere
398 4025 580 4091 turpissimum
601 4036 651 4080 est.
679 4029 727 4079 sed
744 4028 882 4080 recitanda
900 4027 933 4078 de
953 4026 995 4079 his
1014 4035 1076 4078 sunt
1094 4025 1180 4078 sancti
1199 4021 1316 4078 Maximii
1335 4019 1423 4071 verba

313 4111 384 4167 qnae
402 4095 468 4147 fecit
494 4097 523 4147 in
549 4099 772 4166 interpretatione
796 4100 829 4151 ad
850 4105 969 4151 sanctum
997 4098 1166 4164 Dionysium.
1197 4096 1262 4147 dicit
1282 4092 1350 4144 enim
1373 4105 1423 4142 eos

243 4228 246 4233 ,
313 4175 456 4238 postquam
475 4183 531 4236 perx
547 4177 602 4221 tres
626 4183 711 4222 annos
739 4185 821 4239 snpra
846 4171 950 4222 modum
978 4169 1120 4222 asceticam
1144 4167 1226 4220 vitam
1254 4163 1425 4232 exegissent,

241 4252 245 4261 ’
312 4241 461 4306 'tantopere
480 4254 529 4305 per
547 4239 681 4308 reliquum
699 4243 774 4293 ritae
794 4249 899 4308 tempus
917 4239 1101 4292 indifferentes
1116 4255 1176 4292 esse
1193 4233 1224 4288 ut
1238 4237 1298 4287 sine
1318 4235 1425 4300 pudore

317 4311 497 4382 quodcunque
515 4311 605 4365 scalas
622 4311 801 4391 admitterent,
819 4319 850 4366 ut
866 4319 996 4380 stuprum,
1017 4309 1126 4366 veneris
1139 4309 1309 4378 cupiditates,
1328 4293 1424 4360 edaci.
