3184 5100
337 364 415 442 160
517 373 522 383 ’
573 375 604 391 ''
642 372 868 443 utcneflottl
901 365 1131 438 eneconis

208 533 380 600 l.134b.0v¹
399 539 615 622 προσιεμένων
635 540 746 620 ου’τοό,
769 535 891 620 προβὰς
909 538 933 576 ¹‘
954 537 1075 600 ἐκεῖθεν
1094 525 1284 615 τυραννικὴν
1306 533 1440 593 ποιεῖται

337 635 396 723 ,τόν
418 639 629 722 α’ναγόρευσιν
644 633 785 704 ἑαυτοῦ·
839 630 962 702 κᾶπειτ’
986 632 1248 716 ἀποτυγχάνοντα
1270 629 1326 695 καί
1345 623 1441 702 οὕτως

341 740 393 806 τόν
414 730 683 820 ’ίξίονοςιότοπον
713 736 819 823 ἔρωτα
843 742 969 821 βλέπων
999 734 1153 819 (ἅπαντες
1179 731 1241 817 γὰρ
1269 732 1441 818 όφίσταντσ

338 844 394 925 τῆς
417 842 517 906 «drot
537 843 737 925 τυραννίδος)
761 847 984 926 προσεκαλεῖτο
1012 839 1123 904 λοιπόν
1146 837 1188 898 ου’
1207 834 1260 901 τόν
1278 839 1336 918 τῆς
1357 833 1441 915 δίκης

339 943 517 1028 προστάτην
539 939 625 1023 θεόν,
649 939 729 1008 α’λλό
752 940 804 1008 τὸν
825 947 879 1024 τῆς
900 942 1013 1006 όδίκου
1035 945 1151 1021 μανίας
1171 934 1338 1021 βόρβορον
1359 934 1464 1014 σύμ-5

337 1065 464 1126 μαχον,
492 1041 550 1118 τός
579 1041 736 1125 ἐνδήμους
767 1040 1119 1126 ἐκειναςτίγωνιεῖσθαι
1149 1043 1274 1120 μέλλων
1297 1037 1443 1125 λῃστείας

339 1147 419 1208 κατὰ
432 1147 636 1226 χριστιανῶν,
658 1139 705 1208 ὅτι
726 1147 788 1209 τοῖν
801 1147 925 1208 πολλῶν
944 1147 1103 1226 βασιλέων
1117 1145 1173 1219 ε’μὲ
1195 1139 1443 1223 προσεκαλοόντο

341 1247 500 1328 διάδοχον.
545 1245 600 1310 καί
619 1251 734 1328 θέρους
757 1248 816 1326 μὲν
837 1247 1084 1329 ἑγκαθεζόμενον
1103 1240 1187 1325 ἔχων
1210 1240 1264 1304 τόν
1283 1239 1445 1321 βόρβορον

340 1351 396 1412 κατ’
414 1348 563 1426 πολέμιον
577 1349 695 1415 ἐκεῖνον
707 1344 846 1430 στρατόν
868 1343 970 1428 ἔκειρε
983 1344 1040 1429 τὴν
1055 1346 1118 1410 τοῖν
1132 1343 1301 1428 Θρφκικοόν
1322 1340 1444 1401 πόλεων

340 1449 407 1530 γῆν,
427 1449 584 1530 χειμῶνος
615 1450 649 1512 δὲ
682 1450 737 1512 κατ’
757 1445 860 1524 αότός
896 1446 1022 1530 ἠρήμου
1056 1444 1114 1520 τός
1136 1445 1260 1523 πόλεις,
1291 1439 1330 1504 τό
1354 1441 1443 1520 πέριξ
1455 1450 1483 1504 10

341 1543 466 1614 ἅπαντα
494 1545 678 1633 ληΐζόμενός
706 1573 739 1614 τε
779 1554 834 1612 καί
875 1546 1184 1632 ἀνδραποδιζόμενος
1215 1539 1295 1626 όχρι
1323 1544 1442 1620 πολῶν,

341 1645 398 1732 εἶφ’
422 1640 477 1730 ὧν,
500 1641 525 1714 οἰ
548 1656 587 1734 γῆ
608 1655 663 1716 καί
685 1647 764 1735 ἥλιε,
787 1653 881 1717 οόδὲν
902 1653 1106 1735 προηδίκητο.
1148 1646 1204 1712 καί
1222 1643 1261 1710 τό
1284 1649 1340 1728 τῆς
1361 1669 1441 1727 τρα-

337 1753 457 1840 γῳδίας
478 1751 679 1836 βαρότατον,
709 1747 757 1818 ὅτι
785 1757 847 1818 τοῖν
870 1753 1084 1834 αἰχμαλώτων
1113 1750 1255 1823 ἐλεεινῶς
1278 1746 1441 1829 α’γσμένων

340 1855 503 1933 σχίζοντες
534 1851 589 1927 τός
619 1859 773 1937 γαστέρας
802 1852 832 1920 οἱ
854 1854 1018 1937 βόρβορον
1044 1851 1102 1928 τός
1130 1874 1163 1916 τε
1185 1857 1297 1931 χεῖρας
1317 1843 1443 1911 ἑαυτῶν

341 1957 395 2016 καί
416 1951 490 2030 τούς
511 1953 612 2028 πόδας
633 1957 758 2037 εἰσῆγον
781 1958 877 2030 οἰλέας
899 1957 1031 2034 μετρίας
1052 1954 1168 2033 εἵνεκα,
1189 1948 1225 2014 τό
1248 1945 1441 2029 τιμιοότατον
1456 1959 1485 2012 15

340 2057 443 2138 κτῆμα
464 2057 541 2120 θεοῦ
564 2055 619 2122 τόν
642 2053 812 2140 ἄνθρωπον
825 2061 1011 2142 φθείροντες
1028 2047 1136 2137 ὥσπερ
1159 2056 1192 2119 όν
1212 2051 1344 2124 παιδιᾶς
1362 2046 1446 2130 σχό-

340 2181 429 2238 ματι.
452 2153 470 2218 ό
492 2159 520 2221 δ’
542 2150 615 2223 οότε
637 2157 809 2238 ε’κόμπτετο
831 2161 956 2240 βλέπων
976 2155 1035 2240 τήν
1057 2158 1119 2220 τῶν
1142 2149 1320 2238 όμοφόλων
1343 2152 1445 2214 ἐλεει-

290 2323 292 2327 ,
341 2255 399 2340 νῆν
421 2261 597 2346 τραγῳδίαν
619 2261 750 2344 ἐκείνην,
773 2253 838 2324 οὔτ’
860 2257 967 2323 εἰκόνα
988 2260 1067 2340 γοῦν
1088 2253 1172 2330 τινός
1194 2255 1348 2335 βραχείας
1372 2273 1447 2336 ‘W-

344 2360 419 2432 δοίς
444 2358 641 2424 ἐνετόπωοεν
676 2355 758 2434 ὅλως
787 2365 830 2448 τῷ
854 2363 909 2444 τῆς
931 2363 1042 2445 ψυχῆς
1065 2353 1243 2435 συνειδότι,
1277 2355 1348 2417 αλλ’
1369 2352 1447 2436 ἧμι-
1498 2394 1499 2457 ρ

342 2461 461 2543 θνῆτας
491 2457 536 2524 ἔτι
568 2463 623 2526 κατ’
652 2457 865 2542 ἀσπαίροντας
894 2459 1029 2547 ἔφιππος
1058 2459 1114 2524 καί
1144 2455 1242 2532 αότός
1272 2453 1369 2519 ε’πιεόν
1393 2456 1499 2519 aruitdi

342 2568 525 2644 συμπαττόν,
546 2561 601 2647 τήν
621 2568 682 2629 τεόν
702 2568 802 2629 λίθων
827 2563 1020 2649 α’ναλγησίαν
1040 2562 1179 2628 όνταόθό
1202 2582 1268 2632 πως
1288 2560 1449 2643 ἐφιλονεί-

347 2689 394 2729 κει
419 2670 612 2752 μιμείσθαι,
640 2662 674 2730 τό
697 2668 751 2749 τῆς
773 2668 918 2751 καρδίας,
950 2663 993 2741 οἷς
1014 2663 1118 2746 ἔοικε,
1155 2662 1313 2747 θηριῶδες
1342 2658 1448 2723 α’σκοόν
1498 2643 1499 2692 ¹

344 2764 399 2831 κατ’
416 2761 606 2851 γυμνάζων,
635 2766 681 2851 μὴ
714 2766 800 2856 λα’θρ
823 2764 881 2851 τὴν
912 2768 976 2844 ἕξιν
996 2761 1056 2851 sipi
1082 2768 1278 2851 διαφθεῖρον
1299 2765 1355 2844 τῆς
1376 2754 1446 2844 φό-
1498 2815 1499 2836 2

346 3087 407 3134 tuns
427 3086 507 3134 esset.
545 3096 625 3151 quum
645 3083 715 3136 eninr
744 3082 819 3137 cives
840 3086 961 3153 regimen
981 3084 1038 3137 eius
1064 3098 1120 3136 nun
1138 3082 1220 3136 facile
1238 3089 1395 3151 paterentur
1414 3094 1449 3133 eu
1498 3083 1499 3130 ἶ

346 3168 506 3223 progressus
536 3162 578 3207 est
600 3162 630 3206 ut
653 3170 715 3207 sese
738 3164 880 3223 tyrannum
908 3155 1072 3221 declararet3
1103 3156 1151 3209 sed
1175 3156 1273 3209 deinde
1297 3170 1377 3225 quum
1402 3154 1450 3204 ni.

347 3224 385 3277 hil
406 3224 458 3277 sibi
477 3240 606 3293 prospere
627 3228 725 3279 cedere
747 3236 780 3279 vet
798 3228 898 3280 Ixionis
922 3230 1044 3281 insanum
1063 3243 1179 3281 amarem
1206 3244 1236 3281 se
1255 3242 1384 3279 exercere
1404 3225 1451 3277 vi-

347 3296 484 3351 disset-
503 3312 595 3349 omnes
616 3300 685 3349 enirn
704 3298 737 3350 ab
757 3301 815 3351 cius
833 3302 973 3366 tyrannide
997 3300 1177 3353 abhorrebant
1198 3331 1233 3341 -
1250 3300 1319 3352 nlius
1339 3310 1450 3365 operam

347 3376 374 3419 et
393 3368 522 3421 auxilinm
541 3370 592 3422 sibi
611 3370 735 3434 adscivit,
754 3386 809 3422 non
836 3373 880 3423 dei
898 3364 1004 3441 quidem
1024 3375 1100 3425 cuius
1126 3372 1255 3424 auxilinm
1274 3371 1451 3421 iustissimum

347 3448 398 3505 est,
418 3442 465 3492 sed
484 3442 633 3507 impiissimi
652 3441 757 3493 barbari
782 3442 857 3494 illius
882 3452 912 3495 ut
929 3447 1132 3513 peregrinorum
1162 3445 1262 3510 rapinis
1281 3441 1451 3495 Christianos

346 3521 468 3576 vexaret,
489 3514 535 3580 qui
555 3512 664 3581 regilnis
683 3513 772 3565 multis
792 3514 849 3565 illis
868 3524 897 3567 nt
916 3531 968 3585 ego
992 3519 1163 3570 succederem
1183 3514 1319 3568 volebant.
1356 3513 1451 3578 itaque

347 3590 470 3651 tempure
490 3585 595 3635 aestivo
616 3600 674 3636 cum
693 3585 864 3637 barbarorum
884 3596 912 3639 et
930 3589 1046 3640 bestium
1064 3588 1171 3640 illorum
1186 3587 1307 3638 exercitu
1319 3583 1452 3636 Thracum

345 3654 449 3706 urbium
480 3656 606 3723 regiones
631 3657 773 3723 populatus
795 3667 850 3724 est,
875 3659 963 3711 bieme
979 3669 1067 3712 antem
1097 3661 1168 3726 ipsus
1187 3658 1267 3711 urbes
1286 3656 1406 3710 vastavit
1425 3659 1454 3703 et

347 3727 520 3779 circumcirca
539 3742 624 3795 usque
644 3730 675 3779 ad
695 3737 785 3795 portas
805 3740 900 3783 cuncta
919 3732 1028 3798 diripuit
1053 3740 1080 3783 et
1099 3732 1221 3783 homines
1245 3731 1273 3780 in
1291 3728 1453 3781 seruitutem

347 3797 457 3849 abduxit
474 3814 630 3867 quamquem
651 3798 742 3851 borum
762 3817 811 3868 per
828 3802 912 3854 solens
933 3812 960 3854 et
979 3811 1076 3855 terram
1088 3803 1167 3869 culpa
1185 3801 1263 3853 nulla
1283 3801 1380 3852 fuerat.
1403 3793 1455 3848 sad

346 3870 376 3919 iu
398 3868 448 3919 hac
467 3886 547 3921 scena
563 3870 608 3921 vel
627 3874 740 3923 maxime
760 3873 921 3925 horrendum
940 3882 1006 3938 erat,
1028 3876 1098 3944 quud
1116 3874 1220 3926 barbari
1239 3872 1354 3939 captivis
1372 3875 1455 3935 post-

348 3956 427 4008 quam
448 3941 637 3994 miserabiliter
658 3959 704 3995 ens
722 3960 812 3996 secum
830 3953 978 4011 traxerunt,
997 3955 1118 3999 ventrem
1137 3945 1290 3996 incidebant
1309 3950 1336 3993 ct
1356 3952 1455 3991 munus

347 4026 410 4065 snos
438 4012 574 4080 pedesque
601 4016 748 4083 infigebant
773 4024 804 4067 ut
828 4017 1017 4069 calefacerent.
1064 4018 1104 4070 sic
1128 4016 1379 4084 praestantissimam
1409 4008 1457 4061 dei

348 4092 500 4136 creaturam
521 4084 654 4136 bominem
672 4087 841 4139 trucidabunt
859 4091 934 4157 quasi
951 4090 1003 4141 sibi
1022 4088 1099 4140 ludus
1119 4096 1199 4140 esset.
1247 4088 1456 4141 Cautucuueuns

348 4156 455 4207 interim
475 4172 555 4224 quum
574 4171 682 4209 suornm
702 4160 882 4211 miserabilem
907 4160 980 4211 illam
998 4161 1208 4211 internecionem
1236 4159 1341 4211 videret
1362 4154 1456 4205 animo

348 4241 403 4279 nun
424 4237 633 4281 commotusest
651 4237 678 4281 et
697 4230 806 4297 pudoris
824 4248 859 4283 ne
883 4233 1017 4283 minimum
1043 4233 1147 4300 quidem
1169 4231 1251 4283 animi
1269 4225 1458 4281 conscientiae

348 4298 503 4371 inpressit5
520 4301 568 4357 scd
586 4301 620 4373 ad
636 4304 787 4359 semineces
805 4304 911 4380 ianque
928 4302 1090 4377 palpitantes
1116 4319 1199 4379 eques
1220 4302 1352 4359 accedent
1372 4298 1458 4353 etiam
