3184 5100
298 417 348 492 28
429 522 432 532 1
605 416 830 486 Ntcsrtlont
862 418 1091 485 GREGORAE

300 583 423 667 α’νιοβίις
457 586 513 667 τής
535 580 612 658 νεῶς
634 577 855 662 έντετυχήκειν
878 573 1078 664 αόθημερόν·
1124 579 1167 642 ου’
1184 577 1244 661 γόιρ
1269 581 1406 662 πλησίον
1501 650 1502 659 η

301 688 369 752 ε’κεῖ
387 706 448 748 που
471 681 529 768 τήν
550 680 671 765 οἴκησιν
695 675 798 763 εἶχεν,
821 683 901 744 oilla
926 683 1016 743 δυοῖν
1038 676 1174 763 ἡμέραιν
1194 681 1254 742 ταῶ
1277 681 1405 759 λιμένος

301 787 485 868 α’πέχουσσν
506 785 554 863 εἰς
581 777 614 847 όν
635 780 725 866 ήμεῖς
760 784 929 866 τηνικαῦτα
961 780 1250 870 ε’σεπεπλεόκειμεν.
1288 779 1405 843 Ῥοδοό
1502 784 1503 861 l

299 890 358 968 μὲν
379 886 438 968 γὰρ
462 889 580 970 ἐκείνης
603 887 660 967 τῆς
683 887 780 967 νήσου
799 877 918 965 μείζων
939 880 1024 947 ἐστίν
1046 880 1066 964 ή
1092 879 1238 962 Κόπρας,
1263 880 1318 944 καί
1335 873 1405 959 όμα

302 985 341 1051 orl
357 990 422 1050 κατ’
444 988 563 1071 ἐκείνην
594 985 662 1051 ἀλλ’
694 983 848 1068 ἐπιμήκης
868 982 903 1049 τό
915 987 1056 1067 *σχήμαν
1109 981 1234 1063 μεταξό
1252 984 1282 1045 δ’
1303 980 1432 1063 attica

302 1081 376 1172 όρας
395 1084 529 1172 ἑστήκει,
549 1085 606 1171 τήν
625 1083 769 1171 κορυφήν
793 1089 825 1160 ές
841 1078 925 1168 όψος
940 1084 1056 1167 α’νόγον
1067 1083 1204 1166 μακρόν.
1239 1075 1402 1163 Ὄλυμπος

302 1197 441 1254 καλεῖται
471 1187 504 1253 τό
528 1181 620 1272 ὅρος,
657 1189 690 1265 i}
718 1177 755 1251 οὗ
788 1190 844 1250 καί
877 1186 976 1272 πηγαί
1003 1186 1153 1263 ποταμῶν
1185 1180 1406 1264 α’ποβλόζουοι

302 1297 395 1373 τρεῖς,
415 1280 460 1354 ῶν
484 1288 500 1352 o‘
530 1293 648 1369 μειζων
668 1286 859 1369 καλούμενος
882 1288 1033 1360 Λόπιθσς
1055 1286 1176 1373 κότεισι
1209 1289 1332 1365 τέμνων
1354 1286 1409 1346 καί

303 1391 479 1474 περιρρέων
500 1389 558 1473 τήν
582 1394 772 1455 Λευκωσίαν
806 1389 925 1455 υότωσί
960 1393 1156 1470 καλουμένην
1184 1385 1319 1470 χῶραν,
1352 1382 1410 1447 καί
1504 1382 1505 1447 ἶ

303 1486 477 1555 α’ποπτόων
504 1486 537 1555 τό
574 1488 704 1576 ῥεῖθρον
737 1489 825 1574 παρὰ
849 1488 907 1574 τήν
938 1491 969 1565 ές
996 1481 1112 1573 όρκτον
1136 1491 1317 1568 βλέπουσαν
1337 1483 1404 1549 θό-
1419 1500 1453 1553 10
1490 1549 1495 1560 ,

304 1595 438 1653 λαοααν.
487 1590 605 1654 τοότου
634 1589 722 1674 παρὰ
752 1586 811 1664 τός
839 1586 942 1673 ὄχθας
974 1587 1085 1670 ἔτυχεν
1109 1584 1192 1670 ἔχων
1213 1588 1329 1662 ἐκεῖνος
1349 1586 1409 1667 τήν
1505 1666 1506 1679 ¹

305 1690 436 1774 οἴκησιν,
458 1688 508 1754 διό
530 1692 585 1754 καί
599 1694 753 1776 Λαπίθης
767 1687 812 1774 ,ἔκ
828 1714 862 1774 γε
881 1691 939 1754 τοῦ
961 1690 1104 1770 ποταμοῦ
1127 1692 1182 1752 καί
1202 1687 1299 1763 αότός
1320 1682 1408 1762 όπως
1505 1720 1506 1759 1

305 1793 380 1854 ποτέ
401 1789 662 1875 παρωνόμασται.
714 1797 804 1877 γνοιή
836 1794 864 1855 δ’
890 1783 930 1854 ῶν
949 1815 995 1865 τις
1025 1787 1127 1864 ειίθός
1148 1787 1208 1852 καῖκ
1229 1787 1330 1871 μόνης
1350 1790 1409 1870 τής
1505 1780 1506 1791 ’

306 1894 515 1976 περιφανείας
548 1915 583 1955 τε
606 1892 660 1956 κατ’
684 1893 741 1956 τοῦ
773 1895 928 1975 μεγέθους
947 1894 1010 1956 τῶν
1042 1893 1148 1954 σι’κιῶν
1168 1891 1223 1953 καί
1243 1884 1408 1952 ἐπαύλεων

174 1995 364 2060 molbrei
384 1979 513 2075 όνδρός,
535 1991 590 2056 καί
609 1991 682 2075 πρίν
696 1993 740 2069 εἰς
765 1984 842 2074 όψιν
864 1992 1071 2071 ι’έναιαότοό,
1092 1993 1116 2030 ‘⁴
1133 1989 1177 2075 μή
1200 1993 1264 2054 τῶν
1286 1989 1408 2074 α’γτνῶν
1419 2002 1453 2055 15

306 2087 388 2158 εἶναι
409 2097 463 2157 καί
484 2096 546 2158 τῶν
569 2096 692 2156 πολλῶν
711 2094 777 2179 ἕνα,
799 2088 847 2158 ότι
869 2092 914 2178 μή
933 2097 995 2156 τῶν
1017 2090 1100 2155 πόνυ
1120 2117 1150 2155 τι
1174 2091 1246 2154 λίαν
1269 2088 1406 2167 ἐνδόξων
1506 2090 1507 2135 l

306 2197 362 2258 καί
383 2193 514 2275 πρῶτων
537 2197 593 2278 τής
613 2193 733 2278 νήσου·
785 2199 872 2279 γνοιή
894 2197 925 2258 δ’
945 2187 986 2258 όν
1012 2197 1132 2275 μᾶλλον
1154 2195 1189 2258 έκ
1208 2198 1267 2256 τοῦ
1288 2192 1408 2276 τρόπου
1507 2250 1508 2277 η

308 2300 362 2360 καί
383 2298 437 2379 τής
462 2287 558 2381 ῶλλης
583 2298 640 2361 τοῦ
667 2299 741 2378 βίου
763 2295 957 2379 σεμνότητος.
1010 2288 1210 2379 ἓορταίγόρ
1232 2294 1288 2356 καί
1308 2317 1410 2375 πανη-
1507 2282 1508 2377 l

307 2395 415 2480 γόρεις
446 2391 533 2482 ἱεραί
549 2395 606 2480 τήν
636 2400 737 2462 οἰκίαν
760 2394 879 2481 ἐκείνην
900 2398 1071 2478 ἐκόσμουν,
1101 2396 1156 2460 καί
1175 2396 1324 2479 χορηγίαι
1346 2397 1411 2458 τῶν

309 2485 658 2581 δευμένωῶδαψιλεῖς.
713 2500 776 2563 τῶν
798 2520 833 2581 γε
865 2497 928 2583 μήν
956 2495 1058 2581 συχνό
1088 2500 1325 2582 περιαγομένων
1347 2490 1457 2558 bretti)

309 2604 511 2684 Χριστιανῶν
543 2600 755 2685 αἰχμαλώτων
782 2604 934 2685 μεγίστην
955 2602 1089 2666 ἐποιεῖτο
1109 2597 1333 2683 προμήθειαν,
1348 2596 1412 2660 ου’-

309 2700 362 2777 τός
383 2726 416 2765 τε
446 2706 595 2787 παρέχων
622 2704 775 2789 α’φθόνως
802 2701 840 2767 τό
867 2705 967 2786 μείζω
988 2707 1044 2767 καί
1068 2699 1242 2785 τελειότερα
1263 2699 1412 2787 τήςτσό-
1508 2695 1509 2706 ’

309 2827 370 2867 των
393 2806 597 2887 ἐλευθερίας,
617 2806 671 2871 καί
695 2802 762 2887 ἅμα
793 2804 869 2883 τυός
891 2800 1007 2880 ἄλλους
1037 2802 1177 2887 ότρόνων
1201 2805 1411 2878 διδασκαλίας

312 3094 418 3163 quidem
439 3110 453 3145 e
473 3096 536 3147 navi
558 3106 683 3165 egressus
700 3110 754 3149 non
774 3098 862 3149 statim
882 3096 975 3148 eodem
993 3096 1037 3147 die
1057 3095 1205 3147 convenire
1223 3095 1309 3162 potui.
1354 3110 1409 3147 non

313 3167 383 3219 enim
402 3167 430 3217 in
449 3167 600 3236 propinquo
619 3167 733 3221 babebat
751 3170 851 3233 sedem,
870 3168 917 3219 scd
945 3167 1056 3218 duorum
1075 3168 1176 3219 dierum
1201 3167 1254 3217 iter
1278 3167 1410 3218 intererat

313 3240 383 3291 inter
402 3254 459 3289 eam
470 3247 550 3307 atque
568 3249 683 3307 portum,
702 3242 730 3292 in
750 3254 828 3309 quem
848 3248 901 3291 tum
922 3240 1091 3290 incurrimus.
1111 3238 1214 3305 Cyprus
1235 3238 1305 3288 enim
1323 3238 1409 3289 maior

317 3318 357 3363 est
375 3308 463 3360 insula
483 3310 577 3363 ilbodo
595 3327 684 3379 neque
705 3313 806 3373 eadem,
825 3325 878 3377 qua
896 3310 944 3361 illa
965 3310 1058 3374 forma,
1078 3310 1127 3361 sed
1147 3308 1273 3377 oblonga.
1311 3310 1410 3360 inme.

314 3382 357 3433 ‹lia
374 3389 462 3432 autem
483 3381 570 3435 insula
588 3398 663 3435 mons
681 3391 731 3448 cst,
754 3384 800 3450 qui
819 3382 925 3434 culmen
944 3383 976 3434 ad
995 3398 1116 3451 magnam
1137 3380 1302 3433 altitudinem
1323 3380 1410 3432 effert.

280 3450 283 3457 ’
314 3452 443 3520 Olympus
464 3454 615 3521 appellatur
635 3470 668 3505 ex
687 3469 775 3523 eoque
794 3455 873 3505 trium
894 3455 1035 3507 llariornm
1054 3454 1142 3506 fontes
1161 3452 1313 3520 profluunt,
1341 3467 1413 3521 quos

313 3540 371 3577 rum
390 3526 529 3590 maximus,
549 3527 591 3577 cui
610 3526 723 3592 Lapitho
741 3540 839 3577 nomen
862 3535 911 3591 est,
931 3527 1086 3578 leucosiam
1104 3526 1261 3593 regionem,
1280 3540 1350 3593 quae
1369 3525 1414 3576 ‹li-

316 3598 404 3661 citur,
424 3599 543 3649 secernit
560 3606 639 3665 atque
659 3596 818 3649 circumfluit
837 3597 984 3667 fluctusque
1003 3600 1031 3650 in
1049 3614 1138 3663 mare,
1157 3598 1228 3666 quod
1246 3598 1274 3647 in
1293 3604 1415 3664 septem-

252 3710 255 3714 .
315 3669 416 3721 triones
435 3676 548 3737 spectat,
569 3663 672 3720 emittit.
710 3670 742 3721 ad
764 3668 843 3721 buius
864 3669 977 3722 llumiuis
1001 3671 1073 3737 ripas
1097 3670 1146 3721 ille
1171 3668 1336 3721 domicilium
1364 3668 1415 3719 ha-

314 3741 381 3803 buit,
404 3747 567 3808 quapropter
585 3742 664 3791 etiarn
683 3742 741 3808 ipse
751 3741 877 3809 Lapithes
897 3758 931 3793 ex
948 3740 1056 3792 llnmine
1074 3743 1276 3811 cognominatus
1298 3740 1415 3792 videtur.

316 3813 404 3864 statim
424 3825 490 3861 τετυ
510 3812 569 3879 qais
588 3827 622 3863 ex
640 3811 698 3863 sola
719 3815 811 3880 specie
831 3821 913 3882 atquc
931 3814 1112 3881 magnitudine
1132 3813 1313 3865 aedificiorum
1335 3820 1416 3879 atque

316 3882 481 3935 stabulorum
501 3884 579 3933 etiam
601 3891 740 3951 antequam
760 3887 788 3937 in
807 3881 922 3937 bominis
940 3886 1025 3951 ipsius
1033 3885 1185 3950 adspectum
1197 3886 1314 3947 venerit,
1334 3881 1417 3933 iaeile

316 3960 472 4021 cognoscet.
494 3968 552 4003 earn
572 3968 738 4023 nequaqnam
756 3972 836 4009 unum
856 3973 916 4009 esse
936 3973 970 4009 ex
987 3956 1151 4024 ignobilibus
1179 3964 1259 4024 atque
1279 3952 1416 4021 plebeiis,

315 4026 363 4077 sed
384 4038 418 4074 ex
438 4023 593 4076 clarissimis
619 4034 698 4095 atque
717 4030 877 4095 prirnoribus
904 4027 1018 4081 insulae.
1055 4028 1123 4078 idern
1149 4028 1234 4095 magis
1260 4026 1338 4077 etiam
1366 4037 1417 4075 co.

315 4102 429 4163 gnoscet
458 4110 491 4145 ex
512 4096 584 4148 ritae
610 4098 666 4149 eius
688 4098 818 4167 dignitate
836 4108 917 4169 etque
935 4101 1078 4169 gravitate.
1123 4098 1191 4150 laeta
1213 4100 1283 4149 cuim
1303 4105 1331 4147 et
1348 4097 1419 4149 sacri

316 4173 467 4218 conventus
492 4175 572 4236 atque
595 4184 695 4221 samma
725 4172 753 4223 in
780 4173 877 4239 inopes
909 4170 1056 4224 liberalitas
1086 4169 1160 4221 illam
1185 4171 1289 4221 domum
1313 4175 1418 4220 ornant.

313 4235 523 4291 Christianorum
541 4249 627 4293 autem
674 4244 856 4310 captivorum,
881 4246 925 4311 qui
955 4241 1049 4293 erebro
1074 4242 1111 4292 ibi
1137 4237 1421 4303 circumducebantur,

314 4308 452 4365 maximam
489 4308 602 4368 babebat
621 4328 720 4377 curam,
740 4330 819 4382 quum
839 4317 943 4383 etipse
961 4313 1216 4381 largitermaiorem
1235 4310 1422 4381 atquemclio.
