3184 5100
166 433 172 439 ’
236 455 486 521 missorius
510 455 769 519 uuzaurrnuu
795 456 904 517 xxix.
931 437 1121 519 56-59.
1190 444 1261 517 265

162 618 312 703 Παλαμᾷ
330 619 523 699 προσέκειτο,
537 622 591 681 καί
603 620 811 700 α’ντέπραττεν
826 618 868 693 αἶς
888 617 926 683 τό
950 618 1049 682 πολλὰ
1073 619 1110 707 τῇ
1129 621 1189 683 τοῦ
1204 642 1264 683 σο-

163 718 260 801 ζόγοο
284 715 393 804 γνώμη
407 715 486 801 πρός
516 712 576 782 ὅσα
591 722 630 805 τῇ
642 724 792 806 θρησκείᾳ
808 722 973 785 συντείνει.
998 714 1067 802 ἄρτι
1084 744 1117 802 γε
1130 717 1194 803 μην
1206 719 1263 801 την

162 820 325 901 βασιλειον
341 815 442 901 αόλην
464 821 593 884 εἰσιόντι
611 845 667 899 μοι
687 845 739 884 και
735 822 944 901 Παλομοῑν’
929 830 997 885 εκεῖ
1009 819 1087 903 πρός
1112 823 1264 897 διαλέξεις

162 918 300 1006 ἔφεδρον
324 912 406 983 εἶναι
433 924 552 999 μαθειν
573 925 734 1004 ἐξεγένετο.
780 916 866 985 οὕτω
892 922 966 983 δ”
948 924 1053 1004 εχοντι
1070 946 1126 1003 μοι
1145 924 1207 989 τῶν
1231 926 1265 988 έκ

135 1023 307 1105 ὅκεφσλῆς
328 1017 554 1103 α’λγηδόνων”
535 1046 596 1102 est,
620 1028 675 1087 καί
695 1019 794 1097 οὕτως
815 1024 1059 1105 ἀπροσδοκήτως
1083 1028 1267 1111 έμπεπηδη-
1247 1030 1399 1085 niidlr.

164 1121 254 1196 κότος
275 1143 330 1200 μοι
351 1124 409 1183 τοῦ
431 1117 562 1204 όχιόνος,
587 1127 790 1207 πρῶτονμὲν
813 1122 899 1199 ἔδοξε
868 1127 1038 1205 ξεβέλτιον
1061 1122 1167 1189 οἶκαδε
1189 1128 1267 1198 τέως

164 1224 328 1286 ἐπανιέναι
348 1245 404 1306 με,
426 1221 532 1306 μικροὶ
557 1228 618 1287 rods
644 1228 917 1308 μεμηχανημένων
944 1222 1200 1307 προσκλησεοον’
1186 1226 1269 1289 εκεί-

163 1346 229 1386 ναν
251 1326 483 1410 φροντίσανιι·
524 1326 627 1388 ἳναδ
650 1348 705 1388 ουν
726 1323 771 1408 μὴ
804 1322 964 1397 δᾞειλιας
945 1348 1099 1389 οπονοιαν
1109 1334 1181 1399 τοις
1208 1348 1267 1409 pt·
1332 1352 1338 1371 ν

164 1421 370 1504 λοσκιόμμοσι
393 1426 439 1487 δοῖ
439 1447 508 1504 μεν,
532 1424 758 1509 έπερροόσαμὲν
783 1450 817 1490 τε
837 1417 934 1499 αὖθις
955 1423 1008 1489 τόν
1042 1427 1191 1508 λογισμὸν
1214 1450 1265 1490 και
1342 1434 1344 1441 ’

118 1523 396 1608 ιοοῖνελόβομεν
384 1528 532 1608 εαυτοός,
550 1533 615 1615 θεηι
636 1527 669 1591 τὸ
690 1530 752 1590 πᾶν
776 1531 1009 1611 ἐπιτρέψαντες.

270 1630 339 1690 Καί
362 1622 464 1703 οὕτως
485 1630 530 1703 εἰς
552 1592 652 1692 subdo
673 1625 790 1716 εἰσῄειν
810 1632 946 1709 βασιλέα
970 1632 1010 1716 τῇ
1030 1653 1063 1693 τε
1090 1632 1152 1694 τῶν
1174 1623 1335 1713 εὖγε-ὅθ

164 1731 228 1793 ναόν
241 1725 379 1793 συνόντα
394 1731 554 1817 παρουσία
572 1728 627 1793 καί
648 1726 717 1810 ἅμα
734 1732 788 1812 τῆς
804 1733 968 1811 βασιλίδος
984 1731 1118 1813 Ἑλένης,
1142 1734 1185 1817 τῷ
1210 1732 1269 1794 τοῦ

163 1826 348 1911 σομβόντος
371 1828 489 1917 σχεδίῳ
520 1830 817 1917 παρηκολουθηκώς.
871 1830 909 1893 ια’
932 1854 965 1912 γε
988 1828 1053 1913 μην
1084 1835 1152 1897 ἐκεῖ
1170 1838 1268 1915 λαλη-

163 1934 281 2017 dioro,
305 1930 409 1996 ὁπόσα
434 1936 489 1995 καί
512 1924 573 2012 οἶα,
597 1932 650 1995 καί
675 1927 791 2007 ὃπωςό
815 1930 924 2014 καιρός
945 1934 1113 2014 ἐσχεδίασε
1137 1930 1174 1996 τό
1198 1956 1268 1997 τοι-

116 2048 152 2099 15
163 2035 258 2113 αὕτα,
282 2032 417 2155 δηλοβσει
438 2032 476 2096 τό
498 2035 622 2118 ἑφεξῆς.
644 2036 819 2115 γέγραπται
838 2034 899 2113 μέν
919 2030 978 2151 χόρ
998 2057 1052 2114 μοι
1075 2037 1167 2125 ταυτί
1191 2040 1269 2098 λειτ-

140 2140 274 2225 τοτέρρι
295 2159 356 2198 τινι
352 2134 534 2219 διηγήσει,
557 2138 722 2199 ἐκδίδοται
747 2137 776 2197 δ’
798 2134 839 2209 uic
864 2132 928 2211 ἐξ
915 2139 1024 2218 ετέρου
1046 2136 1189 2201 adesset
1206 2162 1269 2200 πα-

163 2234 289 2320 ρόνιων
310 2232 400 2317 ἑνός,
420 2235 501 2321 πρός
521 2234 733 2321 ἕρωτήσαντοὶ
754 2261 825 2301 τινα
856 2240 956 2321 δηθεν
975 2235 1155 2315 διεξιόντος.
1200 2234 1267 2321 ἔχει

164 2338 201 2403 δὲ
224 2332 368 2402 ουτωσίν.

165 2631 238 2700 patri
258 2627 462 2694 Cautaouzeuo,
481 2630 561 2683 valde
592 2631 632 2683 sic
658 2631 736 2682 etiam
755 2625 875 2682 Palamas
896 2629 1011 2682 instabat
1037 2637 1063 2681 et
1081 2629 1271 2684 adversabatur

166 2703 328 2772 plerumque
346 2703 470 2770 coniugis
496 2703 646 2754 sententiae
670 2704 698 2754 in
718 2702 841 2754 omuibus
866 2701 962 2766 rebus,
982 2702 1014 2754 ad
1039 2718 1104 2770 quas
1126 2701 1202 2754 illurn
1223 2717 1272 2756 sno

168 2774 253 2827 trahit
272 2774 380 2842 religio.
417 2790 504 2841 nuper
521 2783 609 2826 autem
634 2774 721 2825 aulam
739 2776 842 2842 regiam
871 2775 980 2826 intranti
1008 2773 1073 2824 mihi
1093 2775 1171 2826 etiam
1190 2773 1272 2827 Palu.
1296 2833 1300 2840 ι

170 2861 242 2898 αιτιοι
260 2845 297 2898 ibi
317 2847 350 2898 ad
370 2846 564 2912 disputationes
584 2846 760 2898 instituendas
781 2846 964 2909 considentem
982 2845 1083 2898 licebat
1100 2847 1203 2899 uidero.
1232 2848 1272 2900 sic

96 2957 102 2972 .
169 2926 263 2970 autem
284 2918 349 2969 mibi
369 2919 457 2984 capito
475 2916 608 2970 laboranti
630 2918 710 2969 etiam
732 2926 759 2968 et
778 2933 858 2986 quum
877 2924 929 2969 tam
950 2917 1099 2982 inopinanti
1117 2918 1272 2984 impeditum

170 3006 216 3042 me
236 2991 381 3041 certamine
402 2990 533 3054 viderem,
554 2991 668 3056 primurn
687 2989 792 3057 quidem
820 2990 907 3041 visum
928 2997 969 3040 est
988 2989 1070 3042 satius
1086 3005 1149 3046 ,esse
1169 2989 1271 3042 domum

172 3071 226 3113 tam
245 3061 290 3112 diu
308 3062 407 3127 redire,
427 3062 513 3113 donec
531 3077 634 3112 mecum
652 3068 757 3127 paratas
775 3060 838 3113 illas
857 3059 921 3111 mihi
941 3062 1126 3112 accusationes
1146 3069 1272 3129 reputas-

172 3149 240 3185 sem.
278 3148 314 3184 ue
333 3134 558 3203 igiturignuviae
582 3134 762 3200 suspicionem
791 3133 860 3200 apud
885 3132 1008 3184 homines
1033 3133 1138 3184 dicaces
1165 3133 1272 3185 subire.

171 3211 241 3268 mos,
261 3205 475 3258 confirmavimus
499 3221 590 3258 rursus
608 3204 767 3258 sententiam
796 3211 913 3257 nostram
938 3212 964 3254 et
981 3205 1133 3270 recepimus
1154 3205 1204 3256 deo
1223 3221 1272 3257 nos

175 3279 265 3328 omnia
283 3279 488 3329 committentes.

274 3376 363 3443 arque
382 3377 419 3428 ita
438 3376 574 3442 adipsum
595 3391 686 3445 regern
706 3351 883 3439 accedebam,
903 3389 980 3442 quem
1009 3389 1068 3424 cum
1088 3371 1272 3440 praesentibus

172 3447 312 3499 nobilibus
332 3448 399 3499 uiris
421 3456 448 3499 et
466 3447 544 3499 simul
565 3463 623 3498 cum
643 3447 746 3498 Helena
764 3448 859 3514 regina
878 3443 1043 3496 offendebam
1065 3444 1273 3510 colloquentem,

173 3527 284 3576 secutus
304 3520 455 3571 certaminis
477 3521 662 3570 temeritatem.
686 3527 712 3570 et
731 3534 799 3586 qnae
818 3519 855 3570 ibi
867 3519 999 3585 disputata
1019 3525 1079 3570 sunt
1095 3531 1172 3584 quum
1191 3515 1274 3566 murita

175 3599 202 3641 et
222 3590 313 3658 qualia
335 3599 362 3641 et
380 3591 511 3659 quomodo
532 3599 635 3658 tempus
654 3591 719 3641 talia
737 3590 964 3657 suppeditaverit,
989 3589 1134 3640 narrabunt
1154 3602 1185 3638 ea
1206 3601 1274 3654 quae

173 3671 331 3730 sequuntur.
369 3665 545 3730 perscriptum
573 3672 614 3714 est
642 3664 712 3713 enirn
737 3679 814 3713 arne
840 3662 892 3712 hoc
922 3662 985 3712 satis
1010 3661 1084 3712 tenui
1110 3659 1273 3710 narratione.

173 3735 297 3784 traditum
318 3743 358 3786 est
377 3743 464 3786 autem
486 3734 519 3785 ab
538 3734 623 3786 altero
643 3749 697 3785 nuo
714 3749 806 3785 eorum
826 3735 870 3802 qui
889 3732 926 3784 ibi
944 3733 990 3784 adi
989 3740 1083 3784 uerunt
1097 3729 1273 3798 interroganti

171 3805 276 3857 cuidam
295 3807 341 3857 diu
360 3807 386 3858 id
405 3823 436 3859 se
455 3806 586 3858 iacturum
606 3808 788 3874 promittente
825 3821 869 3857 res
889 3819 954 3858 vero
975 3806 1015 3857 sio
1035 3803 1172 3856 sehabet
1245 3809 1246 3818 ¹

591 4005 859 4020 ——u—-n——uae
