3184 5100
330 361 407 443 lto
631 322 1114 445 orcannonr'enueontn

332 540 471 626 ποίησιν.
512 543 543 608 εἰ
559 544 620 627 μὲν
640 536 697 609 odo
714 546 771 629 τῆς
792 540 904 617 οῦσιάς
926 542 1086 627 λέγωτῆς
1109 540 1210 619 θειάς,
1232 542 1449 622 Μανιχαιων

185 724 191 734 ¹
266 638 367 713 ”cd
387 640 512 726 νόσημα
536 642 648 723 δείξων
678 643 810 731 όλόγος
829 644 973 733 ἔρχεται·
1026 642 1082 709 aad
1101 645 1136 708 τό
1161 638 1199 707 ἀν
1222 642 1448 727 ἀσεβέστερον

332 738 382 827 εἴη
402 746 461 807 τοῦ
479 746 693 827 μετουσέωσιν
715 748 863 832 ’λέγοντος
885 744 942 829 τὴν
963 745 1017 809 ἐπὶ
1041 747 1098 809 τοῦ
1126 743 1305 829 Θαβωριόυ
1343 738 1447 826 ὅρους

330 842 585 931 μεταμόρφωοιν
603 846 661 912 τοῦ
682 846 913 933 Χριστοῦ,καί
935 848 1025 910 δυοῖν
1045 846 1108 909 τῶν
1131 843 1353 909 ἀτοπωτάτων
1381 844 1446 907 θά-

330 966 423 1028 τερον
445 947 571 1023 πάντως
591 947 779 1033 εἰσάγοντος,
801 943 822 1031 ἢ
841 950 898 1030 τῆς
911 946 1004 1021 θείας
1026 944 1137 1019 οάσιάς
1156 944 1192 1008 τὸ
1216 944 1463 1011 ἀναλλοίωτονᾰ

333 1041 456 1129 δηλαδὴ
477 1050 711 1133 καθαιροῦντος
733 1049 778 1123 εἰς
798 1044 833 1111 τό
855 1044 1027 1133 ἀφειμένον
1050 1046 1106 1109 καί
1129 1042 1288 1130 διάφορον
1308 1043 1443 1128 ταύτης,

331 1138 573 1230 ἢόιαιροῦντος
600 1149 633 1225 ἐξ
671 1147 820 1231 ἀμαθοῦς
844 1148 900 1213 καί
922 1144 1121 1232 κακοτρόπου
1151 1145 1278 1230 γνάμης
1309 1145 1363 1221 εἰς
1388 1143 1443 1208 όόο
1494 1143 1495 1237 l

331 1243 489 1328 θεοτήτων
515 1245 669 1313 άκτάττων
691 1247 931 1333 όνχοτομήματα
952 1244 1008 1331 τὴν
1029 1246 1129 1331 μόνην
1151 1242 1299 1311 όντιστόν
1323 1268 1366 1308 τε
1388 1244 1443 1309 καὶ
1494 1240 1495 1325 l

332 1341 437 1429 ἀμερῆ
458 1346 514 1411 καί
535 1345 647 1431 ἁπλῆν,
670 1348 727 1414 καί
746 1347 803 1432 τὴν
822 1350 881 1432 μὲν
895 1348 1037 1432 λέγοντος
1058 1344 1176 1433 ῦρατὴν
1197 1343 1253 1430 τὴν
1274 1348 1307 1409 δ’
1333 1344 1442 1430 ἀόρα-

329 1464 393 1519 τον,
413 1444 469 1508 καί
488 1442 545 1529 τὴν
565 1448 625 1528 μὲν
652 1446 810 1533 μεθεκτὴν
839 1445 896 1533 τὴν
918 1451 948 1513 d'
984 1447 1177 1529 ἀμέθεκτον,
1211 1447 1267 1511 καί
1295 1443 1360 1529 τὴν
1382 1446 1441 1527 μὲν
1449 1466 1472 1519 10

329 1541 505 1631 ἀφειμένην
526 1546 582 1631 την
600 1551 631 1613 δ’
651 1545 889 1635 ῦπερκειμένην.
934 1547 953 1615 ό
974 1549 1029 1614 καὶ
1050 1546 1106 1633 τὴν
1128 1550 1191 1613 cciv
1212 1547 1440 1629 εἶκονομάχων

328 1642 565 1732 ὑπερβέβληκεν
585 1649 718 1734 αἳρεσιν,
737 1647 782 1726 οῦς
803 1651 964 1737 εἰρήσεται
993 1651 1154 1734 χωροῦντι
1174 1651 1220 1735 τῷ
1242 1646 1327 1733 λόγῳ
1353 1654 1440 1711 πλα-

263 1746 467 1834 ίοτότερον.
511 1751 540 1815 εἰ
562 1752 591 1815 d'
613 1752 646 1829 ἐξ
669 1749 753 1817 ὅλων
777 1750 853 1838 ὅλην
873 1754 1135 1837 μεταβεβλῆσθαι
1157 1750 1278 1837 φάσκοι
1299 1746 1362 1834 τὴν
1385 1751 1440 1813 τοῦ
1495 1784 1496 1801 1

332 1848 447 1915 dodico
466 1852 614 1938 μορφήν,
649 1860 717 1918 κατ
741 1854 855 1930 αὐτοὺς
879 1854 1018 1939 ἀκριβοῦς
1047 1854 1147 1917 εἰπεῖν
1167 1850 1239 1927 τοῦς
1263 1851 1439 1934 εἷκονομά-

328 1972 419 2031 χους,
441 1952 495 2018 dm*
517 1956 587 2040 φιῦς
606 1951 754 2042 ἶάρρητόν
775 1979 809 2020 τε
841 1956 897 2020 καί
923 1950 1067 2019 ἀκτιστον
1094 1952 1150 2019 καὶ
1171 1952 1310 2037 θεότητα
1332 1952 1473 2036 §dvm

329 2049 496 2117 κάθάκάν
516 2058 678 2142 τοῖςπερὶ
699 2054 807 2143 φωτός
829 2057 960 2134 διέξεισι
981 2053 1085 2139 λόγοις
1107 2052 1204 2118 αῦτοῦ
1226 2060 1359 2139 φωναῖς
1383 2054 1438 2117 ἀν-

330 2153 511 2235 θρωπίναις
531 2159 713 2240 κεχρῆσθαι
732 2154 768 2221 τό
791 2157 861 2243 φοῦς
882 2158 982 2221 έκεῖνο
993 2204 1002 2233 ,
1030 2153 1237 2236 καυχώμενον
1256 2152 1353 2237 ’πρὸς
1380 2153 1438 2216 αῦ-

329 2252 392 2329 τόν,
413 2253 470 2319 κατ’
486 2251 551 2339 “pol
575 2256 704 2342 φοβοῦ”
725 2259 1032 2342 παρακελευόμενον,
1049 2252 1152 2339 “perd
1171 2278 1231 2319 σου
1251 2253 1315 2338 γάρ
1339 2252 1437 2337 εἰμι,”

328 2355 386 2417 τοῦ
402 2353 570 2436 μέλλοντος
589 2356 765 2443 ἀρραβῶνα
789 2356 895 2444 φωτός
929 2357 1164 2443 παρεχόμενον,
1194 2353 1344 2439 ζητητέον
1369 2358 1437 2429 ποῦς

195 2452 366 2519 rotroci
388 2454 512 2522 κτιστὸν
537 2458 800 2543 μετακεχάρηκεν
829 2452 935 2544 ἑαυτῷ
970 2456 1050 2544 πρὸς
1081 2454 1116 2523 τό
1151 2452 1296 2522 ἀκτιστον
1321 2456 1383 2520 καί
1402 2454 1468 2525 rdtt

332 2554 490 2642 ἠργμένον
509 2556 591 2642 πρός
610 2557 646 2624 τό
670 2556 811 2644 ἄναρχον
826 2561 881 2624 καί
893 2557 928 2624 τό
948 2555 1100 2644 χρονικόν
1124 2555 1204 2643 πρός
1222 2554 1257 2622 τό
1283 2552 1436 2642 ἄχρονον,

264 2672 319 2726 41
331 2654 388 2720 καὶ
408 2656 490 2743 πρὸς
510 2656 545 2723 τό
568 2661 810 2746 πεπερασμένον
824 2659 859 2726 τό
878 2657 1018 2746 ἄπειρον.
1041 2657 1158 2742 ὅτιμὲν
1175 2657 1238 2745 γὰρ
1260 2655 1295 2724 τό
1320 2661 1436 2744 φθαρ-

329 2754 384 2822 τόν
406 2760 496 2825 τοῦτο
526 2760 609 2828 κατά
635 2760 690 2827 τόν
717 2766 807 2828 θεῖον
836 2762 1011 2828 ἀπόστολον
1044 2761 1208 2829 ένδόσεται
1230 2759 1436 2848 ἀφθαρσίαν,

328 3089 378 3141 tio.
414 3089 497 3158 igitur
525 3089 549 3140 ai
572 3090 632 3158 qnia
655 3089 790 3142 acontiae
813 3089 921 3142 divinae
945 3089 1058 3153 dixerit,
1077 3085 1292 3142 Manichaeorum
1310 3087 1435 3140 morbum

331 3161 480 3213 ostenderit
500 3161 596 3213 oratio.
635 3161 698 3228 quid
716 3176 783 3214 vero
805 3162 890 3228 magia
911 3162 1019 3228 impium
1040 3168 1095 3225 cet,
1115 3176 1192 3228 quam
1212 3159 1347 3210 essentiae
1367 3175 1435 3226 per.

328 3233 500 3284 mutationem
519 3233 610 3290 dicere
628 3231 727 3286 chricti
745 3233 773 3284 in
791 3241 882 3284 monte
903 3231 1007 3284 Thabor
1027 3231 1286 3297 transfigurationem
1309 3237 1338 3280 et
1364 3232 1434 3284 dua.

329 3318 386 3356 ram
404 3304 563 3370 ineptiarum
582 3304 720 3367 inducere,
740 3311 785 3355 aut
807 3304 970 3356 immutabile
993 3304 1100 3356 divinae
1121 3302 1253 3354 essentiae
1279 3301 1434 3368 deprimere

285 3401 291 3410 -
328 3375 361 3427 ad
380 3374 529 3426 subiectum
554 3382 582 3425 et
602 3374 636 3425 ab
660 3374 707 3425 illa
726 3375 859 3439 alienum,
884 3383 931 3427 aut
949 3375 1092 3428 inscientia
1115 3381 1141 3424 et
1157 3373 1274 3441 maligna
1292 3379 1386 3424 mente
1405 3375 1433 3424 in

329 3447 394 3498 duae
417 3446 548 3497 increatae
578 3446 691 3497 deitates
721 3447 870 3498 distrahere
892 3463 970 3498 onam
995 3447 1139 3498 increatam
1168 3453 1195 3495 et
1220 3445 1387 3496 individuam
1407 3451 1434 3496 et

328 3516 496 3584 simplicem,
521 3523 549 3568 et
576 3517 688 3569 alteram
712 3518 803 3569 dicere
822 3518 971 3584 visibilem,
992 3517 1157 3570 invicibilem
1176 3515 1297 3579 alteram,
1316 3516 1430 3570 alteram

328 3587 569 3658 particeptibilcm‚
587 3587 852 3656 imparticeptibilem
870 3589 997 3655 alteram,
1017 3589 1128 3642 alteram
1148 3588 1311 3651 subiectam,
1331 3604 1432 3655 cuper.

328 3659 423 3712 iectam
442 3660 563 3724 alteram,
582 3662 653 3728 quod
672 3661 756 3726 ipram
776 3661 1010 3713 iconomachorum
1035 3660 1159 3713 haeresin
1183 3660 1322 3726 superarit
1347 3667 1378 3711 nt
1397 3661 1433 3719 dn

328 3731 491 3797 procedente
510 3733 632 3783 oratione
651 3731 736 3784 lutino
754 3733 867 3784 dicetur.
903 3734 944 3784 rin
968 3747 1072 3784 ornnem
1091 3733 1198 3784 omnino
1217 3731 1315 3781 dixerit
1330 3731 1431 3782 immo.

329 3809 409 3854 tatem
435 3802 508 3853 cervi
534 3803 644 3854 formam
670 3810 699 3854 nt
724 3803 893 3855 iconomachi
916 3805 1008 3856 dicunt
1032 3805 1060 3854 in
1078 3802 1165 3854 lucem
1186 3802 1319 3852 inlandam
1340 3803 1430 3852 etin.

329 3878 445 3927 creatam
462 3879 490 3924 et
507 3873 633 3926 deitatem
652 3873 766 3926 alienam
785 3883 815 3926 nt
834 3875 861 3926 in
881 3875 1047 3927 sermonibus
1066 3875 1098 3926 de
1110 3874 1171 3925 luce
1190 3873 1298 3931 disserit
1316 3873 1431 3924 vocibus

330 3942 460 4007 humanit,
478 3959 552 3995 uram
572 3961 632 3996 erre
649 3945 737 3996 iucem
756 3945 829 3998 illam
841 3945 1001 4015 gloriantem
1020 3947 1052 3998 de
1073 3961 1143 4008 aeae,
1163 3951 1333 3996 nonterrore
1354 3957 1431 3995 com.

329 4020 441 4078 motam,
463 4021 552 4066 tecum
572 4017 641 4066 enim
660 4031 732 4080 rum,
758 4020 856 4086 pignua
881 4017 986 4070 futurae
1005 4017 1073 4069 lucia
1093 4015 1281 4087 praebentem,v
1294 4031 1430 4083 quaeren-

329 4085 390 4137 dum
414 4093 469 4149 eat,
497 4087 629 4154 quomodo
646 4095 763 4138 creatum
786 4089 884 4141 abierit
895 4091 927 4141 ad
940 4091 1086 4141 increatum
1104 4096 1131 4138 ct
1154 4087 1306 4138 inchoatum
1326 4087 1360 4138 ad
1377 4101 1430 4138 non

329 4155 479 4208 inchoatam
498 4164 525 4206 et
543 4157 690 4223 temporale
709 4160 742 4210 ad
759 4175 814 4212 non
832 4161 980 4228 temporale
1001 4167 1028 4211 et
1039 4160 1140 4211 linitum
1161 4159 1193 4210 ad
1212 4158 1353 4208 inlinitum.
1370 4173 1431 4209 nam

330 4226 383 4278 hoc
401 4226 579 4292 corruptibile
596 4235 625 4278 ut
642 4229 720 4280 divar
740 4232 879 4297 apostolus
901 4233 966 4284 dicit
975 4231 1125 4282 induturum
1139 4230 1368 4296 incorruptionem
1379 4244 1431 4280 au.

330 4298 445 4353 divimus
464 4296 697 4366 credidimuoqne,
717 4310 835 4354 creatum
855 4310 942 4356 autem
961 4304 1019 4356 lieri
1038 4304 1183 4354 increatum
1204 4300 1248 4354 vel
1269 4315 1366 4368 corpur
1385 4301 1430 4353 in.
