3184 5100
314 418 535 489 mesonma
562 358 820 491 emortuas:
839 420 939 490 xxx:
962 406 1089 491 7-‘o.
1179 405 1252 491 '273

152 582 271 651 ου’σίαν
292 585 346 647 ιιαί
365 584 421 667 τὴν
442 589 536 649 θειάν
555 585 715 669 ἐνέργειαν
745 590 813 651 κατ’
836 586 929 651 ούδέν
959 588 1123 672 διαφέρειν
1145 591 1254 670 λέγον-

151 709 212 760 ιες.
257 683 331 767 περί
351 676 388 749 οδ
422 679 563 766 μάλιστα
594 685 650 749 καί
674 685 731 749 τὸν
754 688 786 750 Γ
783 692 922 772 ρηγοριῖν
953 687 1042 772 η’ξίοο
1074 684 1126 751 τὸν
1161 685 1253 770 λόγον
1297 699 1309 709 ’
1355 685 1359 692 ’

151 791 326 851 ποιεῖσθαι.

254 886 324 951 Καί
351 886 366 951 ὅ
399 891 429 951 Γ
427 890 563 971 ρηγορᾶς
593 889 672 974 πρδς
693 889 904 972 τὸνβασιλέα
941 888 1290 975 στραφείς“πολλυ3νθ

123 984 325 1067 seipsam?
344 988 471 1074 ἔφησεν,
488 980 537 1051 “oi
551 994 696 1054 θειότατε
716 994 861 1071 βασιλεῦ,
882 991 996 1071 ου’σοίν,
1018 986 1057 1064 dg
1080 992 1177 1053 naiton
1200 1012 1254 1053 ιε-

151 1090 306 1172 θνηκυίας
336 1090 515 1169 α’ναβιῶναι
546 1091 709 1171 πέπραγεν
744 1080 837 1165 οὗτος
871 1091 986 1173 α’ρτίως
1019 1092 1074 1154 καί
1105 1087 1143 1163 ἃς
1164 1080 1253 1152 orium

152 1190 308 1271 φανείσας
330 1186 458 1269 ἐξείρε,
484 1185 657 1270 σύμμαχον
679 1187 761 1272 ἔχων
789 1186 846 1271 την
867 1186 1123 1254 δυναστεύουσαν
1148 1196 1253 1271 χεῖρα,

153 1282 247 1371 ὁτῆς
273 1289 446 1364 πολυθείας
481 1281 572 1368 οἶμαι
600 1286 692 1371 λόγος
714 1288 842 1369 ἀρκέσει
873 1290 909 1374 τῇ
933 1288 1078 1376 παρούσῃ
1099 1312 1283 1371 σκιαγρα-·’
1363 1296 1379 1349 22

153 1390 223 1475 φίρι.
266 1392 371 1451 θέλων
391 1386 452 1470 γὰρ
477 1392 660 1453 καταλῦσαι
682 1386 716 1452 τύ
733 1392 787 1471 τῆς
804 1374 1074 1470 ἐνανθρανπησεοις
1095 1392 1153 1453 τοῦ
1164 1391 1254 1453 Δθεοῦ

106 1488 248 1569 1ολόγσυ
272 1489 386 1571 δόγμα,
411 1491 466 1552 καί
484 1484 554 1568 ἅμα
576 1491 749 1554 πολυθεΐαν
776 1494 971 1573 εἰσαγαγεῖν,
995 1492 1152 1571 ἐνέργειαν
1172 1484 1253 1555 εἶναι

154 1585 302 1673 κηρύττει
324 1587 463 1673 θεύιητα
487 1587 663 1673 ύφειμένην
687 1583 835 1655 ύκτιστον
864 1592 920 1654 καί
940 1586 1086 1655 ἐνούσιον
1107 1590 1161 1655 καί
1180 1586 1254 1655 διδ-

153 1712 252 1776 φορον
273 1688 453 1753 παντάπασι
471 1695 527 1773 τῆς
549 1692 640 1765 θείας
661 1691 781 1777 ἐκείνης
798 1695 851 1755 καί
870 1692 1031 1773 μακαρίας
1054 1690 1177 1772 ούσίας,
1201 1692 1256 1755 καί

153 1797 345 1870 σωματικοῖς
370 1790 553 1875 ὀφθαλμοῖς
584 1789 705 1876 δρατὴν
736 1797 811 1856 καθ’
834 1792 954 1877 αὐτην,
982 1794 1173 1874 ἐνεργοῦσαν
1194 1794 1253 1871 μὲν

152 1894 192 1959 τύ
216 1895 318 1960 πάντα
342 1896 453 1980 αυίην,
473 1892 700 1978 ἐνεργουμένην
722 1898 749 1959 δ’
770 1895 872 1977 aricio
896 1892 959 1956 ύπό
982 1898 1038 1979 τῆς
1059 1895 1252 1977 ύπερκειμέ-

104 2016 142 2069 15
153 2020 207 2081 νης
229 1998 341 2072 ου’σίας
364 1992 445 2076 ἅμα,
468 1999 523 2059 καί
544 2001 731 2078 κινουμένην
749 1996 893 2079 καθάπερ
909 1994 1003 2058 ὁποῖα
1025 1997 1089 2057 suiv
1109 1991 1251 2075 σ’ργύνοιν

151 2106 234 2163 κινεῖ
251 2095 433 2178 κινούμενα.
478 2090 547 2161 εἶτα
567 2096 623 2179 την
644 2100 722 2177 μιάν
743 2099 903 2179 ἐνέργειαν
928 2097 973 2170 είς
997 2095 1134 2174 πολλάς,
1165 2098 1250 2176 μᾶλ-

151 2207 206 2264 λον
227 2202 255 2263 δ’
279 2199 446 2283 ἀπειράκις
469 2200 622 2281 α’πείρους
644 2197 766 2279 διελαύν,
786 2193 829 2272 αἱς
843 2201 929 2281 γένος
945 2199 990 2272 εἰς
1006 2193 1075 2281 εἴδη
1099 2194 1253 2281 διάφορα,

150 2303 263 2388 γενικηῖ
283 2300 494 2381 μὲνύνύματι
518 2300 629 2373 πιέσας·
646 2301 804 2382 ἐνεργείας
832 2303 944 2379 καλεῖ,
973 2299 1038 2387 ι’δίφ
1066 2299 1095 2360 δ’
1128 2289 1171 2361 uri
1199 2301 1264 2362 καί

152 2404 225 2465 καθ’
257 2399 375 2465 ἕκαστα
408 2398 546 2479 δύναμιν
569 2399 652 2521 ζυρηγ
681 2402 846 2481 βασιλείαν
867 2402 983 2483 σοφίαν
1015 2401 1161 2477 ἐξουσίαν
1184 2402 1253 2483 φοῖς
1356 2416 1358 2423 ’

103 2501 320 2586 νοοίληθειαν.
370 2504 425 2565 καί
453 2500 604 2575 ἁπλαῖς(
588 2501 689 2566 οπύσα
719 2503 902 2619 θεοπρεπῆ
913 2504 975 2564 τῶν
1006 2494 1170 2621 ὀνρμύιων
1200 2502 1253 2564 καί
1307 2544 1310 2552 «

153 2603 327 2727 νρημιίιιυν,
350 2627 379 2668 ει
403 2605 459 2666 καί
478 2605 513 2666 ἐκ
529 2601 738 2728 διαφόραν’
715 2605 825 2685 αρχιύν
845 2581 1001 2682 λαμβάνει
1021 2602 1079 2684 την
1099 2605 1253 2683 crepato-

152 2703 226 2785 γίαν
246 2700 388 2784 ἕκαστον,
410 2702 481 2766 ἀλλ’
502 2695 559 2766 σύν
576 2699 862 2784 δμοιίμαςέχονια
885 2703 965 2786 πρὸς
985 2694 1106 2784 αλληλα
1127 2725 1169 2788 περ
1190 2725 1254 2783 μη-
1365 2766 1374 2778 Χ

153 2805 208 2867 δέν
229 2827 261 2867 τι
280 2828 368 2888 παρα
391 2827 450 2886 την
471 2803 528 2867 τού
549 2801 759 2884 ύποκειμένον
791 2803 967 2888 διαφωνεῖν
988 2804 1159 2884 σημασιάν,
1179 2796 1252 2863 ded.

156 3109 190 3160 ad
210 3107 289 3160 aliam
312 3121 459 3164 conversus
484 3114 511 3158 et
535 3107 588 3158 alia
616 3105 699 3158 multa
717 3105 823 3158 locutus
854 3112 895 3158 est
915 3113 941 3158 et
960 3105 1038 3156 simul
1058 3107 1173 3160 tentavit
1192 3121 1252 3160 enm

155 3179 320 3249 quaerendo,
338 3195 401 3232 num
423 3185 514 3230 essent
532 3179 577 3246 qni
599 3180 741 3230 essentiam
760 3178 876 3229 divinum
897 3185 923 3227 et
945 3175 1123 3228 efficientium
1136 3178 1252 3230 divinam

154 3254 277 3304 diversas
297 3267 356 3302 esse
381 3257 528 3318 negarent.
555 3265 608 3317 qua
636 3249 669 3300 de
689 3265 720 3301 re
746 3249 911 3316 potissimum
937 3248 1014 3299 etiam
1035 3247 1180 3316 Gregoram
1208 3249 1252 3300 di-

156 3340 220 3376 cere
239 3321 335 3375 voluit.

256 3417 319 3470 Tum
348 3416 480 3485 Gregoras
504 3417 538 3468 ad
559 3431 651 3484 regem
677 3400 840 3467 conversus:
865 3429 923 3465 cum
944 3413 1044 3478 multa,
1064 3415 1179 3482 inquiat,
1199 3415 1253 3467 sint

154 3489 253 3552 studio,
272 3489 399 3555 princeps
420 3489 618 3555 augustissime,
637 3503 705 3556 quae
726 3487 875 3538 iamdudum
894 3493 999 3537 mortua
1014 3487 1181 3537 reviviscere
1198 3501 1251 3536 au.

154 3576 206 3627 per
219 3558 270 3610 ille
283 3561 370 3623 iussit,
390 3571 514 3627 quaeque
529 3566 608 3610 antea
622 3573 675 3610 non
691 3559 751 3610 visu
766 3558 816 3609 iiie
827 3559 940 3622 invenit,
958 3557 1032 3610 socia
1051 3558 1154 3608 adiutus
1173 3571 1252 3608 manu

154 3631 296 3698 principis,
315 3630 441 3696 placitum
464 3632 540 3695 cius,
561 3631 630 3698 quod
649 3638 689 3681 est
708 3631 742 3680 de
759 3629 849 3682 multis
868 3629 941 3692 deis,
961 3636 1035 3696 puto,
1054 3628 1172 3680 sufficiet
1190 3628 1252 3679 hoio

154 3717 234 3770 qnam
253 3702 422 3769 aggredimur
448 3701 652 3753 adumbrationi.
689 3701 801 3767 cupiens
820 3701 890 3751 enim
910 3699 1046 3767 explicare
1067 3700 1163 3768 dogma
1181 3700 1252 3769 qood

107 3792 110 3808 ·
156 3781 199 3824 est
217 3773 250 3824 de
269 3774 392 3838 eorporis
406 3773 591 3839 adsumptione
608 3773 725 3824 numinis
742 3773 837 3836 divini,
856 3771 988 3839 simulque
1007 3770 1104 3822 maltos
1123 3772 1213 3823 deos
1206 3786 1251 3822 ιιι-

153 3845 309 3908 troducere,
333 3845 480 3908 contendit,
500 3844 671 3895 efficientiam
690 3858 751 3894 esse
768 3843 935 3894 divinitatem
954 3840 1124 3916 submissam,
1143 3843 1251 3894 increa-

154 3923 219 3978 tam,
241 3923 268 3966 et
287 3917 404 3968 essentia
423 3923 567 3977 carentem,
580 3923 608 3965 et
626 3916 760 3966 diversam
778 3914 885 3964 omnino
905 3912 999 3963 abillo
1017 3903 1109 3966 divina
1128 3921 1155 3966 et
1173 3915 1252 3966 beatu

155 3987 284 4050 essentia,
307 3995 335 4038 et
355 3987 477 4052 corporis
497 3985 585 4036 oculis
604 3986 775 4051 conspicuam
791 4000 840 4051 per
858 3999 899 4048 se,
919 3999 987 4052 quae
1004 4000 1062 4035 cum
1076 3987 1164 4037 omniu
1185 4000 1251 4052 per..

154 4059 267 4120 ficiat,'
259 4073 319 4123 apsa
338 4065 364 4108 et
384 4057 538 4122 perficiatur
556 4072 604 4123 per
635 4057 777 4107 essentiam
805 4057 945 4123 inpositam
974 4063 1001 4106 et
1025 4052 1164 4110 moveatur
1182 4059 1252 4108 sicot
1355 4053 1363 4064 “

152 4128 297 4180 machinae
315 4137 440 4178 moveant
458 4144 527 4196 quae
551 4129 655 4178 moveri
675 4128 793 4193 possintt
819 4127 915 4178 deindo
937 4141 1015 4178 uasm
1034 4127 1108 4179 illam
1128 4129 1251 4180 efficien-

153 4202 219 4252 tiam
238 4201 266 4250 in
289 4199 404 4262 mattas,
429 4200 489 4250 sive
516 4201 606 4265 potius
633 4199 737 4250 induite
763 4199 790 4248 in
809 4197 925 4249 infinitas
951 4199 1045 4250 dividit
1073 4201 1142 4252 sicut
1167 4212 1251 4267 genus

152 4273 182 4324 in
201 4272 309 4337 species
326 4271 456 4332 diversas,
476 4277 504 4320 et
520 4271 628 4320 nomine
647 4268 769 4338 generali
794 4283 887 4320 omnes
916 4277 996 4321 vocat
1014 4269 1183 4334 efficientias,
1203 4282 1252 4320 so·
1308 4331 1309 4338 η

151 4342 195 4398 las
213 4349 303 4394 autem
322 4349 351 4393 et
365 4340 495 4409 singulas,
514 4343 585 4406 aim,
603 4341 703 4406 uitam,
721 4341 876 4410 imperium,
895 4341 1070 4409 sapientiam,
1088 4340 1253 4406 facultatem,

212 4437 375 4512 nimum
395 4437 505 4509 θεογοτ.
530 4434 585 4490 Vei.
603 4435 658 4492 111.
1042 4433 1076 4491 18
