3184 5100
333 410 380 484 18
634 415 863 484 metemur
889 413 1123 482 GROEOMB
1171 512 1182 526 Ι

333 693 620 802 aermon
637 672 1441 837 ναιιιιιιιιαιιτονιινιοιυακ
1507 736 1508 787 ι

388 854 432 928 τι
462 849 544 930 κω
577 853 692 932 στιν
721 851 873 928 osee
900 850 1070 926 error
1096 849 1383 928 remorae

741 975 1007 1054 ιντονιιιι.

807 1181 978 1194 ῥ--ῌ

427 1319 516 1403 Ἐμοί
543 1323 578 1386 δέ
601 1325 790 1404 προσωτέρω
824 1321 974 1408 προάγειν
1000 1321 1183 1407 βουλομένῳ
1205 1321 1303 1382 rivolo
1329 1316 1436 1399 ἕνεκα,

334 1417 417 1498 ὅπως
438 1447 471 1487 τε
491 1425 630 1504 μάθοιμι
653 1426 747 1504 μέχρι
770 1417 871 1486 πόσου
892 1422 947 1504 τῆς
976 1421 1143 1503 α’λλοτρίιις
1164 1422 1284 1504 ἐκείνης
1304 1421 1361 1502 γῆς
1382 1422 1439 1483 καί
1447 1433 1464 1484 5
1507 1472 1508 1479 ,

334 1526 375 1587 δι’
398 1517 481 1587 ὅσων
503 1519 604 1587 ἐθνῶν
627 1523 753 1587 ἐκείνων
776 1518 1080 1606 tequeaomnipotens
1100 1518 1136 1584 τό
1161 1521 1365 1605 Χριστιανῶν
1387 1515 1436 1586 ἐτι

333 1631 441 1710 γένος,
474 1625 529 1688 καί
551 1619 635 1698 ὅπως
662 1625 695 1687 ἐν
715 1625 826 1704 μίσοις
849 1631 913 1700 τοῖς
944 1624 1090 1703 α’σεβέσιν
1122 1620 1169 1687 ἐτι
1203 1621 1265 1686 τῶν
1294 1622 1439 1703 πατρίων

334 1723 439 1808 ἔχεται
465 1721 630 1806 δογμάτων
652 1723 706 1810 τῆς
733 1723 897 1807 εὐσεβείας
923 1722 1001 1789 κατὰ
1024 1721 1080 1788 aris
1101 1725 1197 1807 σφίσι
1220 1718 1439 1804 ἆπλοιίοτερόν

333 1849 365 1890 τε
388 1823 441 1890 καί
460 1825 674 1909 ἀληθέστερον
696 1826 823 1911 τρόπον,
845 1823 901 1890 καί
916 1819 983 1906 ἅμα
996 1821 1181 1888 θεάσασθαι
1202 1819 1236 1887 εἴ
1245 1827 1278 1887 τί
1294 1846 1356 1885 που
1379 1825 1439 1903 τῆς

335 1927 475 2009 α’ρχαίας
494 1929 610 2016 σοφίας
633 1925 751 2009 ἐκείνης
764 1927 905 2007 περίεστι
926 1927 1062 2006 λείψανα
1076 1923 1254 1997 Χαλδαίοις
1276 1922 1330 1988 καί
1344 1925 1440 2004 Πέρ-
1450 1927 1482 1980 10

334 2049 419 2103 σοις,
443 2023 590 2106 ἐμποιλοέν
619 2023 648 2090 οἱ
677 2029 738 2091 τῶν
760 2025 984 2120 Ἱεραπολιτιᾷν
1012 2028 1192 2111 γεγένηνται
1220 2021 1441 2107 κοσμιώτεροι,

336 2127 478 2192 ἐπειέοί
495 2149 528 2208 γε
546 2131 642 2208 μέχρι
670 2130 725 2192 καί
750 2132 782 2204 ἐς
810 2131 947 2200 ἐκείνους
976 2125 1206 2210 προεληλύθειν
1233 2123 1304 2208 s'yoi,
1327 2126 1442 2188 διακο-

214 2235 236 2294 l·
254 2235 290 2294 99
300 2252 325 2290 ιι.
335 2229 425 2302 σίοος
438 2225 520 2309 ἐμοῦ
532 2231 588 2294 καί
600 2232 624 2267 ‘¹
635 2233 759 2311 χιλίους
776 2230 869 2310 ἐγγύς
883 2251 944 2292 που
958 2229 1107 2303 σταδίους
1121 2226 1279 2310 θαλάττης
1300 2228 1443 2309 α’πέχον-

335 2353 403 2403 τας.
447 2328 486 2391 ου’
517 2327 578 2412 γάρ
608 2323 707 2392 ariolo
736 2326 869 2393 ἔσεσθαι
901 2325 1111 2412 ἐπιοχνοῡντί
1134 2351 1190 2409 μοι
1221 2325 1267 2391 ἐτι
1292 2325 1330 2391 roi
1354 2324 1440 2410 πρό-

335 2427 493 2496 σθενέιιὶ
514 2429 547 2496 ari
571 2431 632 2496 τοῖν
654 2427 909 2513 προσοικούντων
937 2428 1176 2512 ἀλλόγλωσοον·
1220 2427 1259 2492 ου’
1278 2426 1343 2512 μὴν
1365 2428 1438 2492 οὐδ’
1451 2429 1482 2481 ¹5

336 2532 367 2595 εί
388 2523 730 2612 cistellensium,
762 2525 861 2614 ἥκιστ’
882 2524 940 2595 orie
959 2527 1046 2611 ὅμως
1078 2534 1318 2614 περιλείπεσθαι
1342 2532 1440 2594 Χαλ-

338 2632 432 2719 δαῖκῇ
451 2658 485 2699 τε
506 2634 546 2721 γῇ
578 2630 633 2697 καί
652 2634 798 2721 Περσικῇ
826 2638 942 2719 σοφίας
967 2626 1049 2709 ὅλως
1077 2632 1196 2717 ἐκείνης
1224 2630 1299 2717 ἴχνη
1323 2655 1361 2695 τυ
1384 2635 1440 2696 καί

336 2740 555 2820 γνωρισματσ.
597 2736 630 2813 ἐξ
652 2730 729 2799 ὅτου
749 2734 812 2820 γαρ
833 2734 868 2800 τὸ
881 2733 1042 2801 Σκυθικὸν
1061 2738 1255 2821 ἐπιρρεῦσαν
1271 2738 1364 2817 μόνος
1384 2731 1442 2798 καί

339 3064 534 3143 moenam
556 3006 791 3143 neroum
813 3068 1029 3145 aonium
1051 3068 1133 3143 mo.
1146 3067 1203 3143 ιν.
1223 3068 1321 3145 suu
1346 3064 1441 3145 uur-

415 3190 610 3271 :musra
636 3194 874 3269 msrouma
900 3194 1116 3273 rourum
1141 3189 1338 3271 namu.

794 3401 988 3410 ———---—

259 3609 262 3615 Ι
441 3543 527 3609 Quum
546 3544 654 3614 longius
674 3544 801 3613 progredi
813 3543 913 3595 vellem
931 3542 1030 3595 duabus
1050 3557 1085 3593 ex
1105 3543 1202 3606 causis,
1222 3542 1316 3609 partim
1336 3548 1436 3593 uteo.

340 3629 510 3682 gnoscerem,
530 3617 562 3668 ad
581 3632 659 3685 quem
678 3617 755 3667 linem
775 3624 864 3667 terrae
883 3614 957 3666 illius
976 3614 1136 3682 peregrinae
1156 3622 1182 3665 et
1195 3628 1242 3680 per
1260 3627 1325 3680 quas
1343 3621 1442 3681 gentes

340 3685 553 3739 Christianorum
568 3686 653 3739 adhuc
672 3703 757 3755 genus
769 3686 872 3738 salvum
893 3687 1080 3737 extenderetur
1099 3694 1127 3736 et
1145 3684 1277 3753 quomodo
1296 3685 1367 3735 inter
1381 3700 1441 3735 me-

340 3756 397 3807 dios
416 3757 585 3825 irreligiosos
605 3759 726 3809 hominos
753 3758 839 3824 patria
858 3758 919 3809 lidei
943 3758 1066 3825 dogmata
1083 3755 1248 3823 simpliciore
1274 3770 1321 3807 sua
1343 3762 1371 3805 et
1389 3770 1441 3807 ve.

339 3827 412 3877 riore
429 3829 534 3879 ratione
550 3829 767 3896 arnplecteretur,
787 3831 881 3896 partim
900 3836 929 3879 ut
938 3829 1066 3893 viderem,
1084 3843 1147 3879 num
1163 3828 1232 3878 lorte
1251 3826 1351 3877 alicubi
1371 3826 1442 3893 apud

340 3896 488 3950 chaldoeos
507 3907 533 3950 et
551 3899 645 3953 Persas
670 3902 795 3969 antiquae
813 3900 887 3951 illius
914 3901 1063 3967 sapientiae
1087 3906 1222 3951 exstarent
1245 3896 1388 3965 reliquiae,
1408 3896 1441 3948 ab

340 3966 516 4034 Hierapolitis
544 3970 738 4025 honestissimis
759 3972 940 4037 impediebar,
971 3972 1004 4023 ad
1028 3986 1094 4038 quos
1113 3985 1198 4039 usque
1225 3984 1276 4037 ego
1296 3982 1443 4036 proeesse-

343 4054 398 4089 ram
418 4056 574 4109 quamquam
593 4042 669 4093 mille
693 4044 750 4094 lere
769 4044 891 4094 ducentis
914 4043 1005 4095 stadiis
1027 4058 1042 4093 a
1061 4043 1127 4093 mari
1148 4041 1302 4093 disiunctos.
1324 4040 1352 4090 lai
1373 4042 1443 4092 enim

343 4108 421 4163 locos
442 4114 520 4164 etiam
539 4114 743 4183 longinquiores
763 4114 796 4166 ob
813 4115 959 4167 incolarum
977 4114 1146 4181 peregrinam
1165 4112 1283 4179 linguam
1298 4126 1353 4162 non
1367 4127 1443 4163 com-

344 4181 423 4233 mode
442 4183 509 4235 adiri
528 4200 607 4252 posse
628 4185 808 4249 al'lirmalrant3
838 4188 901 4255 quin
927 4187 1005 4237 etiam
1026 4186 1049 4236 si
1075 4184 1155 4235 laoile
1175 4184 1242 4235 adiri
1260 4191 1382 4249 possent,
1400 4191 1444 4235 at-

324 4260 434 4322 ltsmeu
452 4269 619 4324 nequaquam
639 4256 708 4323 apud
729 4256 878 4309 Chaldaeos
901 4266 928 4308 et
948 4257 1041 4309 Persas
1063 4255 1138 4307 illius
1163 4255 1312 4322 sapientiae
1327 4256 1445 4323 vestigio

345 4332 426 4395 atque
446 4326 546 4379 indicia
565 4342 717 4395 superesse.
755 4344 808 4396 quo
828 4330 898 4380 enim
918 4344 951 4379 ex
967 4335 1086 4395 tempora
1106 4343 1172 4397 gens
1191 4325 1318 4393 Scythica
1337 4327 1444 4379 exlon-

717 4496 731 4532 Ι
