3184 5100
303 406 378 479 aca
484 398 489 403 ’
602 400 830 480 memnoni
862 377 1094 477 casensis

303 574 361 660 τὴν
381 573 583 661 ἐξαγόρεοσιν
604 573 816 659 ποιησόμενος
838 573 969 656 ταυτηνί
990 576 1059 653 μετ’
1085 570 1190 651 ὀλίγον
1208 560 1405 647 ἐξέπνεοσεν,

305 676 350 753 σός
373 680 428 741 καί
447 679 559 760 ψῆφον
585 678 788 760 ἐξενηνέχθαι
816 676 893 749 siaa
925 666 971 749 οἷς
994 675 1062 737 ἐκεῖ
1079 672 1302 751 σονττωτίροις
1324 662 1408 733 εἶναι

305 778 466 865 τετύχηκε,
486 776 530 862 μὴ
557 780 601 842 δι’
623 771 707 841 ἄλλα
721 802 752 841 τι
773 774 832 852 τοὶς
846 778 956 858 βιαίας
978 774 1055 858 γοῦν
1075 768 1197 846 ταότοις
1220 768 1276 833 καί
1296 775 1408 834 τελεο-

305 878 395 953 ταίοις
422 872 637 960 ταμιεοθῆναι
655 874 846 966 ξτᾰνθραίπφ
873 874 972 952 πνοὰς
1004 870 1084 957 πρός
1118 874 1197 935 θεοῦ
1223 864 1245 955 οἳ
1274 866 1327 934 διό
1352 868 1408 951 την

247 1013 250 1019 ·
308 983 372 1045 τοόν
393 974 556 1065 ῥηθέντων
578 976 791 1062 ἐξαγόρεοσιν.
839 970 925 1057 όμως
939 972 1046 1058 ἐπειδη
1070 970 1125 1036 καί
1138 966 1153 1033 o‘
1178 969 1324 1055 δεύτερος
1348 959 1435 1037 nai-o

307 1103 358 1155 τος
380 1082 495 1144 νεωστί
518 1076 681 1162 γενόμενος
701 1073 797 1159 τόμος
819 1073 985 1161 ἐληλοθιός
1006 1076 1040 1139 ἐκ
1066 1076 1123 1137 τοῦ
1145 1065 1240 1155 ὅρους
1259 1073 1305 1146 εἰς
1328 1072 1411 1155 ἐπηχ-

307 1202 380 1244 κοον
403 1179 572 1267 Καλλίστην
593 1202 628 1243 τι
659 1178 845 1262 ἀνεγνώσθη
874 1180 917 1265 τῷ
950 1170 1134 1260 πατριόρχη
1165 1175 1303 1247 καὶτοῖς
1328 1172 1409 1255 ἀμφ’

310 1279 409 1345 αὐτόν
429 1277 632 1363 ἐπισκόποις,
663 1284 709 1357 εἰς
731 1276 830 1363 σ’ργὴν
858 1270 956 1353 αὖθις
986 1270 1093 1361 ἤγειρε
1124 1271 1178 1340 τόν
1209 1270 1411 1356 πατριόρχην

309 1386 364 1447 καί
385 1375 545 1466 ἄπρακτος
566 1374 774 1467 α’πεπίμφθη,
804 1381 865 1446 τοόν
888 1381 970 1464 ἄμφ’
994 1377 1095 1442 αὐτόν
1117 1371 1297 1441 ἐπισκόπων
1317 1374 1412 1437 οὐδὲν

180 1490 263 1547 bido
272 1505 301 1546 τ.
310 1477 496 1567 εἰρηκότων,
532 1474 624 1546 ἄλλό
646 1490 767 1567 κωφοῖς
788 1479 934 1546 ἐοικότων
960 1472 979 1563 ἢ
1001 1483 1104 1553 λίθοις
1128 1472 1346 1559 ἀναισθήτοις,
1364 1475 1457 1539 σι’-λθ

311 1593 382 1649 πεῖν
406 1580 610 1666 οἰκειότερον·
655 1578 740 1647 odam
761 1576 1017 1668 βοσκηματοόόεις
1032 1578 1097 1645 εἶσί
1117 1581 1171 1643 καί
1191 1582 1302 1642 παισίν
1326 1573 1412 1641 dod.

280 1724 285 1741 =
312 1708 402 1770 ροοσι
423 1689 495 1749 λιάν
527 1688 692 1768 ἐπίχαρτοι
712 1681 934 1769 προσηκόντως
962 1678 991 1745 οἱ
1016 1682 1073 1745 νόν
1102 1683 1167 1744 τῶν
1191 1675 1286 1763 ἱερῶν
1308 1673 1414 1761 καθη-

311 1810 403 1871 μενοι
426 1785 592 1870 δογμάτων
628 1787 745 1869 κριταί.
788 1782 870 1849 stad
899 1783 1017 1849 τούτων
1038 1785 1098 1864 μὲν
1130 1778 1221 1863 ίίλις,
1253 1776 1415 1863 εἰρήσεται

313 1891 349 1953 di
370 1887 452 1954 κατίι
476 1891 587 1973 χιόραν
608 1891 711 1955 ιὀὕσιν
732 1882 793 1952 dcc
813 1881 1048 1971 ἐπηκολούθησε
1061 1886 1167 1971 σφίσι.
1191 1886 1248 1948 νῦν
1263 1884 1291 1947 d'
1316 1878 1415 1946 ἐκεῖνο

314 1992 573 2073 ἐπαναλήψομαι.
895 1984 904 1993 “
1427 1990 1462 2043 15

248 2081 304 2162 lb
410 2091 561 2178 Ἀφίκετό
591 2118 639 2170 τις
672 2098 706 2159 εἰι
738 2095 892 2159 Λατίνων
930 2091 1095 2163 ἐπίσκοπος
1137 2084 1224 2171 παρὰ
1265 2090 1415 2169 βασιλέα,

238 2250 247 2257 .
312 2192 459 2279 Ἰωόννην
483 2198 568 2281 φημί
593 2197 647 2260 τόν
671 2187 916 2277 Παλαιολόγον,
938 2195 1049 2277 φιλίας
1070 2192 1159 2255 ἓνεκα
1183 2184 1417 2272 προόπορχοό-

314 2321 382 2381 οης,
403 2300 521 2383 σοφίας
541 2294 689 2381 ἔμπειρος
710 2293 813 2379 ὁπόση
834 2298 889 2359 καί
909 2295 962 2359 οἵα
987 2290 1043 2376 τήν
1063 2294 1126 2357 τῶν
1147 2292 1295 2357 Λατίνων
1319 2290 1418 2354 οἰκει-

317 2401 411 2461 οῦται
432 2394 552 2482 σχολην
574 2402 607 2463 ἐν
630 2402 838 2479 δογματικαῖς
863 2398 926 2461 τοῖν
948 2399 1046 2460 θείων
1074 2392 1270 2479 γραμμάτων
1292 2396 1420 2475 διατρι-

316 2502 400 2580 βαῖς.
443 2496 564 2585 ἔφασκε
588 2500 623 2563 δ’,
642 2483 678 2564 ἐν
697 2508 766 2577 ταῖς
787 2500 862 2562 καθ’
886 2495 1009 2582 η’μίροιν
1041 2494 1182 2578 ὁμιλίαις
1201 2497 1245 2584 τῷ
1267 2514 1299 2560 τε
1320 2494 1464 2576 dnos-20

318 2604 372 2662 λεί
388 2599 443 2663 καί
463 2591 510 2674 οἷς
532 2601 716 2682 ἐνετίγχανι
743 2604 938 2687 σοφωτέροις
971 2601 1037 2691 ἰδίη
1067 2601 1122 2664 κατ’
1151 2600 1299 2689 δημοσίᾳ,
1319 2591 1422 2668 πολιόν

320 2949 374 3001 nisi
394 2947 465 3015 quod
483 2961 563 2998 uuum
584 2953 685 2998 tantum
703 2947 906 3016 significandum
924 2947 975 3000 luit
993 2949 1056 3014 boc,
1074 2949 1123 3002 sub
1142 2947 1255 3002 testibus
1273 2947 1331 3001 illis
1352 2962 1422 3000 con.

322 3020 443 3072 sessione
464 3017 531 3069 baec
549 3018 628 3084 lacta,
647 3035 709 3071 mox
727 3017 869 3072 exhalasse
888 3021 1000 3072 animam
1019 3021 1105 3086 illum,
1125 3029 1154 3072 ut
1174 3021 1251 3072 etiam
1265 3020 1422 3088 suffragium

322 3094 351 3143 in
369 3091 457 3142 lucem
475 3098 530 3140 tum
549 3091 583 3142 sit
601 3092 635 3144 iis
654 3099 831 3157 protractum,
854 3091 949 3158 quibus
974 3091 1231 3160 intelligentioribus
1252 3107 1312 3144 essa
1331 3093 1423 3143 conti.

322 3164 373 3233 git,
393 3177 428 3213 ne
447 3169 557 3229 propter
577 3161 650 3214 aliud
664 3163 729 3230 qnid
747 3161 883 3214 violentos
898 3163 946 3216 bos
966 3172 992 3214 et
1009 3163 1117 3216 ultimds
1136 3165 1224 3230 parari
1244 3163 1344 3214 homini
1362 3165 1424 3230 ομ·-

322 3236 389 3288 ritus
409 3233 546 3284 credamus
565 3249 580 3284 a
599 3235 660 3299 deo,
679 3249 756 3302 quam
778 3242 807 3285 ut
827 3249 859 3284 ea
877 3249 946 3302 quae
964 3236 1035 3288 dicta
1053 3244 1124 3299 sunt,
1144 3236 1337 3302 pronuntiaret.
1378 3242 1424 3286 at.
1459 3229 1466 3236 ’

322 3315 411 3358 tamen
430 3313 568 3372 postquam
598 3307 676 3356 etiam
697 3306 829 3357 sccundus
859 3305 903 3356 hic
922 3321 1008 3374 nuper
1027 3307 1136 3359 advenit
1155 3315 1241 3358 tomus
1269 3321 1303 3357 ex
1322 3314 1423 3369 monte,

324 3386 352 3429 et
370 3377 441 3427 unde
460 3376 546 3427 audiri
560 3383 662 3442 posset,
681 3375 794 3428 Callisto
807 3377 937 3430 recitatus
957 3386 997 3430 cst
1010 3378 1177 3445 patriarchae
1196 3387 1222 3430 et
1241 3379 1275 3430 iis
1285 3379 1331 3446 qui
1350 3378 1423 3428 eirca
1512 3385 1513 3396 ¹

325 3465 384 3500 eum
405 3455 480 3498 eraut
501 3449 646 3514 episcopis,
664 3448 693 3499 in
711 3449 777 3498 iram
796 3451 888 3502 rursus
908 3451 1025 3502 coniecit
1044 3449 1220 3517 patriarcham
1234 3449 1374 3502 ctinlccta
1392 3464 1425 3500 re

324 3519 446 3572 dimissus
465 3526 515 3582 cst,
536 3519 670 3586 episcopis
688 3533 754 3587 quoa
774 3534 865 3572 secum
883 3520 998 3573 babebat
1011 3521 1080 3574 nihil
1099 3521 1207 3586 incutit,
1226 3521 1274 3572 scd
1292 3529 1424 3572 mutorum

325 3592 461 3653 hominum
486 3591 604 3656 speciem
629 3590 808 3643 reicientibus
836 3601 862 3644 et
880 3591 995 3660 lapidum
1014 3609 1096 3646 sensu
1115 3593 1284 3656 carentium,
1304 3593 1349 3660 qui
1368 3605 1425 3643 non

325 3669 437 3730 possunt
455 3662 526 3729 qnod
544 3670 633 3731 aptum
651 3663 687 3714 sit
707 3663 808 3714 dicere.
844 3664 882 3716 ita
900 3665 1042 3731 pecoribus
1063 3664 1164 3716 similes
1177 3671 1238 3716 sunt
1251 3671 1278 3716 et
1295 3661 1426 3731 petulan-

325 3733 396 3784 tibus
417 3734 508 3799 pueris
526 3733 606 3786 valde
625 3733 766 3786 ludibriosi
783 3736 879 3787 merito
899 3737 935 3799 ii,
954 3738 1000 3803 qui
1018 3751 1089 3788 nunc
1117 3751 1253 3789 sacrorum
1273 3735 1426 3804 dogmatum
1512 3737 1513 3782 f

324 3805 420 3859 sedeat
439 3804 551 3856 iudices.
589 3805 636 3856 scd
660 3806 693 3856 dc
712 3805 754 3857 his
773 3807 847 3860 satis.
894 3807 1045 3860 narrabitur
1064 3816 1150 3860 autem
1178 3815 1303 3876 quantuni
1322 3805 1378 3858 illis
1397 3808 1426 3858 iu
1512 3853 1513 3858 ,

222 3905 232 3924 2
326 3875 397 3957 bunc
416 3873 505 3925 locum
525 3875 647 3928 euntibus
664 3885 784 3929 secutum
809 3879 844 3932 sit
862 3879 1047 3932 multitudiuis.
1080 3895 1165 3953 'nunc
1185 3878 1253 3930 illud
1271 3893 1362 3932 rursus
1382 3886 1427 3930 at.
1512 3891 1513 3942 ς

325 3955 436 4013 trugam.
988 3951 992 3957 '
1056 3974 1063 3986 ι

425 4041 579 4095 Advenerat
605 4042 702 4111 aliquis
727 4060 761 4096 ex
785 4045 938 4098 Latinorum
965 4049 1097 4114 episcopis
1127 4047 1160 4099 ad
1187 4062 1287 4116 regern»
1301 4045 1428 4098 loannem

327 4111 519 4180 Palaeologmn
544 4114 604 4164 dico
631 4123 740 4182 propter
757 4117 917 4182 amicitiani,
948 4133 1016 4186 quae
1032 4120 1083 4170 iam
1103 4127 1165 4170 ante
1183 4119 1253 4170 inter
1274 4131 1320 4169 eos
1340 4119 1429 4168 inter.

330 4191 459 4236 cesserat.
496 4186 646 4251 sapientiae
662 4201 763 4254 guarus
788 4189 832 4240 liic
852 4198 918 4252 orat,
938 4199 1035 4258 quanta
1055 4197 1082 4240 et
1099 4191 1187 4258 qualis
1206 4190 1356 4242 Latinorum
1377 4189 1430 4240 ob-

332 4257 403 4307 tinet
419 4254 540 4307 scholam
563 4257 591 4308 in
616 4259 773 4324 dogmaticis
798 4259 946 4314 litterarum
966 4261 1113 4322 divinarum
1139 4261 1349 4331 quaestionibus.
1386 4261 1431 4311 di.

209 4397 212 4400 ἢ
325 4326 452 4394 :obtabat
466 4334 554 4380 autam
581 4329 610 4380 in
635 4329 797 4398 quotidianis
822 4332 987 4386 sermonibus
1017 4341 1043 4384 et
1059 4335 1118 4402 regi
1138 4339 1166 4386 at
1189 4334 1212 4387 si
1231 4333 1277 4401 qui
1295 4332 1365 4384 iortc
1383 4347 1431 4386 sa-
