<?xml version="1.0" encoding="UTF-8"?>
<!DOCTYPE html PUBLIC "-//W3C//DTD XHTML 1.0 Transitional//EN"
    "http://www.w3.org/TR/xhtml1/DTD/xhtml1-transitional.dtd">
<html xmlns="http://www.w3.org/1999/xhtml" xml:lang="en" lang="en">
 <head>
  <title>
</title>
<meta http-equiv="Content-Type" content="text/html;charset=utf-8" />
  <meta name='ocr-system' content='tesseract 3.04.00' />
  <meta name='ocr-capabilities' content='ocr_page ocr_carea ocr_par ocr_line ocrx_word'/>
</head>
<body>
  <div class='ocr_page' id='page_1' title='image "./nicephorigregor04schogoog_0408.png"; bbox 0 0 3184 5100; ppageno 0'>
   <div class='ocr_carea' id='block_1_1' title="bbox 300 373 1284 549">
    <p class='ocr_par' dir='ltr' id='par_1_1' title="bbox 300 373 1284 549">
     <span class='ocr_line' id='line_1_1' title="bbox 300 373 1284 549; baseline -0.01 -47"><span class='ocrx_word' id='word_1_1' title='bbox 300 434 525 502; x_wconf 76' lang='lat' dir='ltr'>maronias</span> <span class='ocrx_word' id='word_1_2' title='bbox 543 373 802 549; x_wconf 72' lang='lat' dir='ltr'>samaritana</span> <span class='ocrx_word' id='word_1_3' title='bbox 818 432 944 497; x_wconf 77' lang='lat' dir='ltr'>aaran.</span> <span class='ocrx_word' id='word_1_4' title='bbox 967 410 1153 499; x_wconf 81' lang='lat' dir='ltr'>at-at.</span> <span class='ocrx_word' id='word_1_5' title='bbox 1210 418 1284 495; x_wconf 67' lang='grc' dir='ltr'><strong><em>σοι</em></strong></span> 
     </span>
    </p>
   </div>
   <div class='ocr_carea' id='block_1_2' title="bbox 141 588 1418 2914">
    <p class='ocr_par' dir='ltr' id='par_1_2' title="bbox 141 588 1418 2914">
     <span class='ocr_line' id='line_1_2' title="bbox 187 588 1287 684; baseline -0.007 -23"><span class='ocrx_word' id='word_1_6' title='bbox 187 595 425 684; x_wconf 79' lang='grc' dir='ltr'><strong><em>ἀδιαφοροῶσιν</em></strong></span> <span class='ocrx_word' id='word_1_7' title='bbox 446 602 501 682; x_wconf 67' lang='lat' dir='ltr'>ant</span> <span class='ocrx_word' id='word_1_8' title='bbox 512 602 662 664; x_wconf 78' lang='grc' dir='ltr'><strong><em>τοσοῦτον</em></strong></span> <span class='ocrx_word' id='word_1_9' title='bbox 677 595 730 663; x_wconf 91' lang='grc' dir='ltr'>τόν</span> <span class='ocrx_word' id='word_1_10' title='bbox 750 594 859 660; x_wconf 89' lang='grc' dir='ltr'><strong><em>λοιπόν</em></strong></span> <span class='ocrx_word' id='word_1_11' title='bbox 878 599 932 679; x_wconf 80' lang='grc' dir='ltr'>τῆς</span> <span class='ocrx_word' id='word_1_12' title='bbox 949 588 1072 659; x_wconf 81' lang='grc' dir='ltr'><strong><em>ἑαυτῶν</em></strong></span> <span class='ocrx_word' id='word_1_13' title='bbox 1100 593 1182 673; x_wconf 79' lang='grc' dir='ltr'><strong><em>ζωῆς</em></strong></span> <span class='ocrx_word' id='word_1_14' title='bbox 1203 588 1287 675; x_wconf 83' lang='grc' dir='ltr'><strong><em>χρό-</em></strong></span> 
     </span>
     <span class='ocr_line' id='line_1_3' title="bbox 187 693 1288 784; baseline -0.007 -21"><span class='ocrx_word' id='word_1_15' title='bbox 187 720 243 763; x_wconf 88' lang='grc' dir='ltr'>νον</span> <span class='ocrx_word' id='word_1_16' title='bbox 265 699 309 776; x_wconf 88' lang='grc' dir='ltr'><strong><em>ῶς</em></strong></span> <span class='ocrx_word' id='word_1_17' title='bbox 330 704 435 766; x_wconf 77' lang='grc' dir='ltr'><strong><em>πᾶσαν</em></strong></span> <span class='ocrx_word' id='word_1_18' title='bbox 457 702 591 765; x_wconf 90' lang='grc' dir='ltr'><strong><em>ἀτοπιάν</em></strong></span> <span class='ocrx_word' id='word_1_19' title='bbox 613 697 766 784; x_wconf 87' lang='grc' dir='ltr'><strong><em>πρόττειν</em></strong></span> <span class='ocrx_word' id='word_1_20' title='bbox 788 696 906 779; x_wconf 86' lang='grc' dir='ltr'><strong><em>ἀδεῶς,</em></strong></span> <span class='ocrx_word' id='word_1_21' title='bbox 928 700 1089 779; x_wconf 78' lang='grc' dir='ltr'><strong><em>μοιχείαις</em></strong></span> <span class='ocrx_word' id='word_1_22' title='bbox 1109 693 1288 775; x_wconf 74' lang='grc' dir='ltr'><strong><em>ἀσελγείαις</em></strong></span> 
     </span>
     <span class='ocr_line' id='line_1_4' title="bbox 187 794 1289 888; baseline -0.005 -26"><span class='ocrx_word' id='word_1_23' title='bbox 187 805 457 884; x_wconf 89' lang='grc' dir='ltr'><strong><em>γαστριμαργίαις</em></strong></span> <span class='ocrx_word' id='word_1_24' title='bbox 493 804 740 888; x_wconf 87' lang='grc' dir='ltr'><strong><em>ἀλληλυγαμίαις</em></strong></span> <span class='ocrx_word' id='word_1_25' title='bbox 777 801 833 863; x_wconf 81' lang='grc' dir='ltr'><strong><em>καί</em></strong></span> <span class='ocrx_word' id='word_1_26' title='bbox 874 797 1066 875; x_wconf 72' lang='grc' dir='ltr'><strong><em>ἁπαξαπλῶς</em></strong></span> <span class='ocrx_word' id='word_1_27' title='bbox 1105 798 1139 859; x_wconf 76' lang='grc' dir='ltr'><strong><em>ἐν</em></strong></span> <span class='ocrx_word' id='word_1_28' title='bbox 1171 794 1289 868; x_wconf 78' lang='grc' dir='ltr'><strong><em>πάσαις</em></strong></span> 
     </span>
     <span class='ocr_line' id='line_1_5' title="bbox 188 896 1289 984; baseline -0.006 -20"><span class='ocrx_word' id='word_1_29' title='bbox 188 903 339 977; x_wconf 78' lang='grc' dir='ltr'>ἀσωτίαις</span> <span class='ocrx_word' id='word_1_30' title='bbox 360 902 659 984; x_wconf 80' lang='grc' dir='ltr'><strong><em>ἐγκυλινδοόμενοι,</em></strong></span> <span class='ocrx_word' id='word_1_31' title='bbox 679 902 719 966; x_wconf 86' lang='grc' dir='ltr'><strong><em>τά</em></strong></span> <span class='ocrx_word' id='word_1_32' title='bbox 743 903 875 965; x_wconf 74' lang='grc' dir='ltr'><strong><em>τοιαῦτα</em></strong></span> <span class='ocrx_word' id='word_1_33' title='bbox 897 896 1047 982; x_wconf 77' lang='grc' dir='ltr'><strong><em>πράττειν</em></strong></span> <span class='ocrx_word' id='word_1_34' title='bbox 1069 896 1206 971; x_wconf 74' lang='grc' dir='ltr'><strong><em>ἀπαθῶς</em></strong></span> <span class='ocrx_word' id='word_1_35' title='bbox 1235 916 1289 957; x_wconf 86' lang='grc' dir='ltr'>τε-</span> 
     </span>
     <span class='ocr_line' id='line_1_6' title="bbox 160 996 1288 1086; baseline -0.007 -19"><span class='ocrx_word' id='word_1_36' title='bbox 160 1000 388 1085; x_wconf 87' lang='grc' dir='ltr'><strong><em>5ρατεόονται,</em></strong></span> <span class='ocrx_word' id='word_1_37' title='bbox 414 1002 620 1086; x_wconf 75' lang='grc' dir='ltr'><strong><em>ἀναισθήτως</em></strong></span> <span class='ocrx_word' id='word_1_38' title='bbox 642 1004 804 1076; x_wconf 74' lang='grc' dir='ltr'><strong><em>νοσοῦντες</em></strong></span> <span class='ocrx_word' id='word_1_39' title='bbox 819 999 877 1085; x_wconf 90' lang='grc' dir='ltr'>τήν</span> <span class='ocrx_word' id='word_1_40' title='bbox 901 1000 1091 1083; x_wconf 76' lang='grc' dir='ltr'><strong><em>ε’μπάθειαν,</em></strong></span> <span class='ocrx_word' id='word_1_41' title='bbox 1114 1000 1168 1061; x_wconf 76' lang='grc' dir='ltr'><strong><em>κατ’</em></strong></span> <span class='ocrx_word' id='word_1_42' title='bbox 1189 996 1288 1061; x_wconf 85' lang='grc' dir='ltr'><strong><em>ἀναλ-</em></strong></span> 
     </span>
     <span class='ocr_line' id='line_1_7' title="bbox 188 1094 1289 1191; baseline -0.004 -25"><span class='ocrx_word' id='word_1_43' title='bbox 188 1100 291 1185; x_wconf 90' lang='grc' dir='ltr'><strong><em>γήτως</em></strong></span> <span class='ocrx_word' id='word_1_44' title='bbox 321 1101 378 1191; x_wconf 79' lang='grc' dir='ltr'><strong><em>ἀφ’</em></strong></span> <span class='ocrx_word' id='word_1_45' title='bbox 400 1098 522 1168; x_wconf 74' lang='grc' dir='ltr'><strong><em>ἑαυτῶν</em></strong></span> <span class='ocrx_word' id='word_1_46' title='bbox 550 1102 727 1186; x_wconf 85' lang='grc' dir='ltr'><strong><em>πάσχοντες</em></strong></span> <span class='ocrx_word' id='word_1_47' title='bbox 754 1103 811 1167; x_wconf 81' lang='grc' dir='ltr'><strong><em>καί</em></strong></span> <span class='ocrx_word' id='word_1_48' title='bbox 833 1104 897 1165; x_wconf 91' lang='grc' dir='ltr'>τῶν</span> <span class='ocrx_word' id='word_1_49' title='bbox 926 1102 961 1165; x_wconf 77' lang='grc' dir='ltr'><strong><em>ἐν</em></strong></span> <span class='ocrx_word' id='word_1_50' title='bbox 983 1099 1089 1174; x_wconf 77' lang='grc' dir='ltr'><strong><em>αὐτοῖς</em></strong></span> <span class='ocrx_word' id='word_1_51' title='bbox 1121 1094 1289 1165; x_wconf 72' lang='grc' dir='ltr'><strong><em>οἰκούντων</em></strong></span> 
     </span>
     <span class='ocr_line' id='line_1_8' title="bbox 186 1200 1072 1290; baseline -0.001 -24"><span class='ocrx_word' id='word_1_52' title='bbox 186 1204 357 1287; x_wconf 88' lang='grc' dir='ltr'><strong><em>δαιμόνων,</em></strong></span> <span class='ocrx_word' id='word_1_53' title='bbox 381 1200 487 1288; x_wconf 87' lang='grc' dir='ltr'><strong><em>ῶσπερ</em></strong></span> <span class='ocrx_word' id='word_1_54' title='bbox 512 1202 542 1270; x_wconf 81' lang='grc' dir='ltr'>οἱ</span> <span class='ocrx_word' id='word_1_55' title='bbox 563 1207 721 1289; x_wconf 81' lang='grc' dir='ltr'><strong><em>φρενίτιδι</em></strong></span> <span class='ocrx_word' id='word_1_56' title='bbox 746 1205 955 1287; x_wconf 83' lang='grc' dir='ltr'><strong><em>κατεχόμενοι</em></strong></span> <span class='ocrx_word' id='word_1_57' title='bbox 977 1203 1072 1290; x_wconf 85' lang='grc' dir='ltr'><strong><em>νόσῳ.</em></strong></span> 
     </span>
     <span class='ocr_line' id='line_1_9' title="bbox 290 1296 1386 1392; baseline -0.012 -22"><span class='ocrx_word' id='word_1_58' title='bbox 290 1302 432 1390; x_wconf 82' lang='grc' dir='ltr'><strong><em>Εόρήσει</em></strong></span> <span class='ocrx_word' id='word_1_59' title='bbox 453 1308 482 1370; x_wconf 83' lang='grc' dir='ltr'><strong><em>δ’</em></strong></span> <span class='ocrx_word' id='word_1_60' title='bbox 503 1301 519 1368; x_wconf 83' lang='grc' dir='ltr'><em>ὃ</em></span> <span class='ocrx_word' id='word_1_61' title='bbox 541 1305 734 1388; x_wconf 79' lang='grc' dir='ltr'><strong><em>βουλόμενος</em></strong></span> <span class='ocrx_word' id='word_1_62' title='bbox 762 1304 838 1387; x_wconf 80' lang='grc' dir='ltr'><strong><em>περί</em></strong></span> <span class='ocrx_word' id='word_1_63' title='bbox 860 1304 977 1369; x_wconf 79' lang='grc' dir='ltr'><strong><em>τούτων</em></strong></span> <span class='ocrx_word' id='word_1_64' title='bbox 997 1304 1118 1392; x_wconf 79' lang='grc' dir='ltr'><strong><em>κάντῷ</em></strong></span> <span class='ocrx_word' id='word_1_65' title='bbox 1139 1296 1205 1389; x_wconf 78' lang='grc' dir='ltr'><strong><em>όρρ·</em></strong></span> <span class='ocrx_word' id='word_1_66' title='bbox 1226 1303 1355 1365; x_wconf 73' lang='lat' dir='ltr'>anim</span> <span class='ocrx_word' id='word_1_67' title='bbox 1381 1348 1386 1357; x_wconf 91' lang='grc'><strong><em>.</em></strong></span> 
     </span>
     <span class='ocr_line' id='line_1_10' title="bbox 187 1399 1292 1491; baseline -0.003 -21"><span class='ocrx_word' id='word_1_68' title='bbox 187 1410 369 1491; x_wconf 79' lang='grc' dir='ltr'><strong><em>πρακτικῶν</em></strong></span> <span class='ocrx_word' id='word_1_69' title='bbox 390 1411 447 1489; x_wconf 86' lang='grc' dir='ltr'>τής</span> <span class='ocrx_word' id='word_1_70' title='bbox 467 1406 557 1491; x_wconf 89' lang='grc' dir='ltr'><strong><em>ἀγίας</em></strong></span> <span class='ocrx_word' id='word_1_71' title='bbox 586 1409 643 1470; x_wconf 83' lang='grc' dir='ltr'><strong><em>καί</em></strong></span> <span class='ocrx_word' id='word_1_72' title='bbox 671 1407 890 1489; x_wconf 81' lang='grc' dir='ltr'><strong><em>οἰκουμενικής</em></strong></span> <span class='ocrx_word' id='word_1_73' title='bbox 925 1404 1032 1490; x_wconf 83' lang='grc' dir='ltr'><strong><em>τρίτης</em></strong></span> <span class='ocrx_word' id='word_1_74' title='bbox 1060 1404 1216 1486; x_wconf 81' lang='grc' dir='ltr'><strong><em>συνόδου,</em></strong></span> <span class='ocrx_word' id='word_1_75' title='bbox 1236 1399 1292 1468; x_wconf 80' lang='grc' dir='ltr'><strong><em>καί</em></strong></span> 
     </span>
     <span class='ocr_line' id='line_1_11' title="bbox 143 1503 1291 1594; baseline -0.005 -19"><span class='ocrx_word' id='word_1_76' title='bbox 143 1524 180 1578; x_wconf 83' lang='grc'>10</span> <span class='ocrx_word' id='word_1_77' title='bbox 188 1506 305 1589; x_wconf 83' lang='grc' dir='ltr'><strong><em>δμοίως</em></strong></span> <span class='ocrx_word' id='word_1_78' title='bbox 318 1510 374 1592; x_wconf 89' lang='grc' dir='ltr'>τής</span> <span class='ocrx_word' id='word_1_79' title='bbox 387 1504 535 1594; x_wconf 70' lang='grc' dir='ltr'><strong><em>ἑβδόμης,</em></strong></span> <span class='ocrx_word' id='word_1_80' title='bbox 552 1503 637 1583; x_wconf 84' lang='grc' dir='ltr'><strong><em>ὅπως</em></strong></span> <span class='ocrx_word' id='word_1_81' title='bbox 651 1532 686 1573; x_wconf 81' lang='grc' dir='ltr'>τε</span> <span class='ocrx_word' id='word_1_82' title='bbox 699 1506 936 1589; x_wconf 78' lang='grc' dir='ltr'><strong><em>ἀκπομπεόσυσι</em></strong></span> <span class='ocrx_word' id='word_1_83' title='bbox 951 1507 1007 1569; x_wconf 84' lang='grc' dir='ltr'><strong><em>καί</em></strong></span> <span class='ocrx_word' id='word_1_84' title='bbox 1021 1507 1291 1588; x_wconf 81' lang='grc' dir='ltr'><strong><em>ἀναθεματίζουσι</em></strong></span> 
     </span>
     <span class='ocr_line' id='line_1_12' title="bbox 187 1603 1291 1694; baseline -0.002 -20"><span class='ocrx_word' id='word_1_85' title='bbox 187 1610 248 1684; x_wconf 87' lang='grc' dir='ltr'>τός</span> <span class='ocrx_word' id='word_1_86' title='bbox 267 1608 417 1693; x_wconf 85' lang='grc' dir='ltr'><strong><em>μυσαρός</em></strong></span> <span class='ocrx_word' id='word_1_87' title='bbox 432 1610 538 1675; x_wconf 88' lang='grc' dir='ltr'><strong><em>αάτῶν</em></strong></span> <span class='ocrx_word' id='word_1_88' title='bbox 553 1613 712 1694; x_wconf 74' lang='grc' dir='ltr'><strong><em>ἐργασίας,</em></strong></span> <span class='ocrx_word' id='word_1_89' title='bbox 732 1611 788 1673; x_wconf 84' lang='grc' dir='ltr'><strong><em>καί</em></strong></span> <span class='ocrx_word' id='word_1_90' title='bbox 802 1603 886 1683; x_wconf 83' lang='grc' dir='ltr'><strong><em>ὅπως</em></strong></span> <span class='ocrx_word' id='word_1_91' title='bbox 898 1604 972 1682; x_wconf 84' lang='grc' dir='ltr'><strong><em>τοός</em></strong></span> <span class='ocrx_word' id='word_1_92' title='bbox 985 1604 1099 1681; x_wconf 84' lang='grc' dir='ltr'><strong><em>αάτοός</em></strong></span> <span class='ocrx_word' id='word_1_93' title='bbox 1111 1610 1291 1673; x_wconf 85' lang='grc' dir='ltr'><strong><em>Μασαλια-</em></strong></span> 
     </span>
     <span class='ocr_line' id='line_1_13' title="bbox 187 1705 1404 1796; baseline 0 -21"><span class='ocrx_word' id='word_1_94' title='bbox 187 1708 262 1787; x_wconf 88' lang='grc' dir='ltr'><strong><em>νοός</em></strong></span> <span class='ocrx_word' id='word_1_95' title='bbox 274 1736 309 1776; x_wconf 83' lang='grc' dir='ltr'>τε</span> <span class='ocrx_word' id='word_1_96' title='bbox 320 1716 453 1777; x_wconf 82' lang='grc' dir='ltr'><strong><em>καλοῦσι</em></strong></span> <span class='ocrx_word' id='word_1_97' title='bbox 468 1716 522 1777; x_wconf 87' lang='grc' dir='ltr'><strong><em>καί</em></strong></span> <span class='ocrx_word' id='word_1_98' title='bbox 532 1708 794 1796; x_wconf 88' lang='grc' dir='ltr'><strong><em>Μαρκιωνιστάς.</em></strong></span> <span class='ocrx_word' id='word_1_99' title='bbox 833 1710 1005 1794; x_wconf 70' lang='grc' dir='ltr'><strong><em>ἀρκέσουσι</em></strong></span> <span class='ocrx_word' id='word_1_100' title='bbox 1023 1711 1052 1773; x_wconf 88' lang='grc' dir='ltr'><strong><em>δ’</em></strong></span> <span class='ocrx_word' id='word_1_101' title='bbox 1067 1705 1111 1772; x_wconf 79' lang='grc' dir='ltr'>ότι</span> <span class='ocrx_word' id='word_1_102' title='bbox 1122 1707 1176 1773; x_wconf 84' lang='grc' dir='ltr'><strong><em>καί</em></strong></span> <span class='ocrx_word' id='word_1_103' title='bbox 1189 1710 1245 1774; x_wconf 84' lang='grc' dir='ltr'>νόν</span> <span class='ocrx_word' id='word_1_104' title='bbox 1258 1714 1291 1786; x_wconf 74' lang='grc' dir='ltr'><strong><em>ἐς</em></strong></span> <span class='ocrx_word' id='word_1_105' title='bbox 1402 1744 1404 1751; x_wconf 85' lang='grc'><em>·</em></span> 
     </span>
     <span class='ocr_line' id='line_1_14' title="bbox 187 1802 1290 1897; baseline 0.001 -22"><span class='ocrx_word' id='word_1_106' title='bbox 187 1812 326 1894; x_wconf 82' lang='grc' dir='ltr'><strong><em>δήλωσιν</em></strong></span> <span class='ocrx_word' id='word_1_107' title='bbox 340 1808 422 1877; x_wconf 82' lang='grc' dir='ltr'>ἀλλά</span> <span class='ocrx_word' id='word_1_108' title='bbox 436 1837 468 1877; x_wconf 88' lang='grc' dir='ltr'>τε</span> <span class='ocrx_word' id='word_1_109' title='bbox 478 1802 785 1897; x_wconf 80' lang='grc' dir='ltr'><strong><em>πλεῖσταμαρτόρια</em></strong></span> <span class='ocrx_word' id='word_1_110' title='bbox 800 1812 855 1876; x_wconf 83' lang='grc' dir='ltr'><strong><em>καί</em></strong></span> <span class='ocrx_word' id='word_1_111' title='bbox 867 1814 967 1897; x_wconf 81' lang='grc' dir='ltr'><strong><em>σαφῆ,</em></strong></span> <span class='ocrx_word' id='word_1_112' title='bbox 977 1813 1032 1875; x_wconf 81' lang='grc' dir='ltr'><strong><em>κατ’</em></strong></span> <span class='ocrx_word' id='word_1_113' title='bbox 1039 1809 1100 1895; x_wconf 93' lang='grc' dir='ltr'>πρό</span> <span class='ocrx_word' id='word_1_114' title='bbox 1114 1834 1148 1895; x_wconf 90' lang='grc' dir='ltr'><strong><em>γε</em></strong></span> <span class='ocrx_word' id='word_1_115' title='bbox 1161 1807 1290 1876; x_wconf 86' lang='grc' dir='ltr'><strong><em>πόντων</em></strong></span> 
     </span>
     <span class='ocr_line' id='line_1_15' title="bbox 187 1904 1403 1997; baseline -0.004 -24"><span class='ocrx_word' id='word_1_116' title='bbox 187 1910 218 1978; x_wconf 79' lang='grc' dir='ltr'>οἱ</span> <span class='ocrx_word' id='word_1_117' title='bbox 237 1916 272 1976; x_wconf 76' lang='grc' dir='ltr'>ἐκ</span> <span class='ocrx_word' id='word_1_118' title='bbox 287 1915 346 1978; x_wconf 77' lang='grc' dir='ltr'>τοῦ</span> <span class='ocrx_word' id='word_1_119' title='bbox 359 1904 460 1979; x_wconf 74' lang='grc' dir='ltr'>Ἀθω,</span> <span class='ocrx_word' id='word_1_120' title='bbox 475 1915 534 1978; x_wconf 77' lang='grc' dir='ltr'>τοῦ</span> <span class='ocrx_word' id='word_1_121' title='bbox 553 1907 651 1995; x_wconf 83' lang='grc' dir='ltr'><strong><em>ὅρους</em></strong></span> <span class='ocrx_word' id='word_1_122' title='bbox 663 1916 719 1976; x_wconf 83' lang='grc' dir='ltr'><strong><em>καί</em></strong></span> <span class='ocrx_word' id='word_1_123' title='bbox 733 1911 782 1987; x_wconf 80' lang='grc' dir='ltr'>δίς</span> <span class='ocrx_word' id='word_1_124' title='bbox 803 1916 858 1976; x_wconf 83' lang='grc' dir='ltr'><strong><em>κατ’</em></strong></span> <span class='ocrx_word' id='word_1_125' title='bbox 869 1915 937 1995; x_wconf 86' lang='grc' dir='ltr'><strong><em>τρίς</em></strong></span> <span class='ocrx_word' id='word_1_126' title='bbox 949 1914 1005 1976; x_wconf 74' lang='grc' dir='ltr'><strong><em>κατ’</em></strong></span> <span class='ocrx_word' id='word_1_127' title='bbox 1018 1911 1166 1987; x_wconf 71' lang='grc' dir='ltr'><strong><em>πολλάκις</em></strong></span> <span class='ocrx_word' id='word_1_128' title='bbox 1180 1914 1292 1997; x_wconf 78' lang='grc' dir='ltr'><strong><em>ἕληλυ.</em></strong></span> <span class='ocrx_word' id='word_1_129' title='bbox 1400 1962 1403 1969; x_wconf 91' lang='grc'><strong><em>,</em></strong></span> 
     </span>
     <span class='ocr_line' id='line_1_16' title="bbox 143 2008 1363 2101; baseline -0.004 -19"><span class='ocrx_word' id='word_1_130' title='bbox 143 2030 177 2083; x_wconf 88' lang='grc'>15</span> <span class='ocrx_word' id='word_1_131' title='bbox 186 2015 280 2091; x_wconf 62' lang='lat' dir='ltr'>bereg</span> <span class='ocrx_word' id='word_1_132' title='bbox 295 2020 611 2101; x_wconf 83' lang='grc' dir='ltr'><strong><em>πεπαρρησιασμίνοι</em></strong></span> <span class='ocrx_word' id='word_1_133' title='bbox 628 2018 684 2080; x_wconf 86' lang='grc' dir='ltr'><strong><em>καί</em></strong></span> <span class='ocrx_word' id='word_1_134' title='bbox 696 2008 852 2098; x_wconf 72' lang='grc' dir='ltr'><strong><em>ὕπαιθροι</em></strong></span> <span class='ocrx_word' id='word_1_135' title='bbox 873 2014 974 2096; x_wconf 88' lang='grc' dir='ltr'><strong><em>τόμοι,</em></strong></span> <span class='ocrx_word' id='word_1_136' title='bbox 987 2014 1025 2079; x_wconf 83' lang='lat' dir='ltr'>aei</span> <span class='ocrx_word' id='word_1_137' title='bbox 1037 2012 1158 2079; x_wconf 77' lang='lat' dir='ltr'>satiatas</span> <span class='ocrx_word' id='word_1_138' title='bbox 1170 2010 1290 2096; x_wconf 79' lang='grc' dir='ltr'><strong><em>αἰσχροὶ</em></strong></span> <span class='ocrx_word' id='word_1_139' title='bbox 1354 2036 1363 2051; x_wconf 80' lang='grc'><em>’</em></span> 
     </span>
     <span class='ocr_line' id='line_1_17' title="bbox 187 2101 1304 2199; baseline -0.002 -20"><span class='ocrx_word' id='word_1_140' title='bbox 187 2119 264 2181; x_wconf 69' lang='grc' dir='ltr'><strong><em>καθ’</em></strong></span> <span class='ocrx_word' id='word_1_141' title='bbox 283 2118 402 2181; x_wconf 76' lang='grc' dir='ltr'><strong><em>ἕκαστα</em></strong></span> <span class='ocrx_word' id='word_1_142' title='bbox 423 2120 652 2199; x_wconf 85' lang='grc' dir='ltr'><strong><em>παριστῶντες.</em></strong></span> <span class='ocrx_word' id='word_1_143' title='bbox 692 2116 760 2179; x_wconf 85' lang='grc' dir='ltr'><strong><em>ἀλλ’</em></strong></span> <span class='ocrx_word' id='word_1_144' title='bbox 783 2118 888 2197; x_wconf 77' lang='grc' dir='ltr'><strong><em>εἰμὲν</em></strong></span> <span class='ocrx_word' id='word_1_145' title='bbox 912 2117 993 2179; x_wconf 78' lang='grc' dir='ltr'>ταῦτ’</span> <span class='ocrx_word' id='word_1_146' title='bbox 1023 2106 1062 2198; x_wconf 88' lang='grc' dir='ltr'><strong><em>ήν</em></strong></span> <span class='ocrx_word' id='word_1_147' title='bbox 1085 2112 1101 2177; x_wconf 82' lang='grc' dir='ltr'><em>ὃ</em></span> <span class='ocrx_word' id='word_1_148' title='bbox 1124 2115 1179 2197; x_wconf 86' lang='grc' dir='ltr'>τής</span> <span class='ocrx_word' id='word_1_149' title='bbox 1201 2101 1304 2197; x_wconf 79' lang='grc' dir='ltr'><strong><em>ήμῶν</em></strong></span> 
     </span>
     <span class='ocr_line' id='line_1_18' title="bbox 187 2210 1292 2301; baseline -0.002 -21"><span class='ocrx_word' id='word_1_150' title='bbox 187 2219 351 2299; x_wconf 80' lang='grc' dir='ltr'><strong><em>εάσεβείας</em></strong></span> <span class='ocrx_word' id='word_1_151' title='bbox 370 2219 424 2284; x_wconf 85' lang='grc' dir='ltr'><strong><em>καί</em></strong></span> <span class='ocrx_word' id='word_1_152' title='bbox 443 2223 578 2293; x_wconf 85' lang='grc' dir='ltr'><strong><em>πίστεως</em></strong></span> <span class='ocrx_word' id='word_1_153' title='bbox 596 2210 681 2300; x_wconf 91' lang='grc' dir='ltr'><strong><em>όρος,</em></strong></span> <span class='ocrx_word' id='word_1_154' title='bbox 702 2220 822 2282; x_wconf 78' lang='grc' dir='ltr'><strong><em>εἰδέναι</em></strong></span> <span class='ocrx_word' id='word_1_155' title='bbox 838 2220 904 2292; x_wconf 90' lang='grc' dir='ltr'><strong><em>πῶς</em></strong></span> <span class='ocrx_word' id='word_1_156' title='bbox 914 2216 1033 2301; x_wconf 67' lang='lat' dir='ltr'>&amp;adde</span> <span class='ocrx_word' id='word_1_157' title='bbox 1044 2214 1098 2281; x_wconf 74' lang='grc' dir='ltr'><strong><em>κατ’</em></strong></span> <span class='ocrx_word' id='word_1_158' title='bbox 1113 2211 1238 2298; x_wconf 84' lang='grc' dir='ltr'><strong><em>Ἑρμῶν</em></strong></span> <span class='ocrx_word' id='word_1_159' title='bbox 1257 2210 1292 2279; x_wconf 73' lang='grc' dir='ltr'><strong><em>ἐν</em></strong></span> 
     </span>
     <span class='ocr_line' id='line_1_19' title="bbox 187 2303 1291 2403; baseline -0.004 -22"><span class='ocrx_word' id='word_1_160' title='bbox 187 2320 231 2403; x_wconf 74' lang='grc' dir='ltr'>τῷ</span> <span class='ocrx_word' id='word_1_161' title='bbox 254 2319 389 2398; x_wconf 88' lang='grc' dir='ltr'><strong><em>όνόματι</em></strong></span> <span class='ocrx_word' id='word_1_162' title='bbox 410 2322 524 2401; x_wconf 89' lang='grc' dir='ltr'><strong><em>κυρίου</em></strong></span> <span class='ocrx_word' id='word_1_163' title='bbox 545 2307 800 2402; x_wconf 87' lang='grc' dir='ltr'><strong><em>ήγαλλιάσαντο,</em></strong></span> <span class='ocrx_word' id='word_1_164' title='bbox 835 2322 896 2382; x_wconf 80' lang='grc' dir='ltr'><strong><em>καί</em></strong></span> <span class='ocrx_word' id='word_1_165' title='bbox 912 2318 970 2392; x_wconf 80' lang='grc' dir='ltr'><strong><em>εἷς·</em></strong></span> <span class='ocrx_word' id='word_1_166' title='bbox 984 2317 1068 2381; x_wconf 75' lang='lat' dir='ltr'>soir‘</span> <span class='ocrx_word' id='word_1_167' title='bbox 1091 2312 1230 2399; x_wconf 78' lang='grc' dir='ltr'><strong><em>ἀνάγκης</em></strong></span> <span class='ocrx_word' id='word_1_168' title='bbox 1251 2303 1291 2397; x_wconf 87' lang='grc' dir='ltr'><strong><em>ήν</em></strong></span> 
     </span>
     <span class='ocr_line' id='line_1_20' title="bbox 187 2414 1291 2502; baseline -0.005 -20"><span class='ocrx_word' id='word_1_169' title='bbox 187 2417 224 2483; x_wconf 88' lang='grc' dir='ltr'>τό</span> <span class='ocrx_word' id='word_1_170' title='bbox 245 2417 488 2502; x_wconf 87' lang='grc' dir='ltr'><strong><em>περιιστάμενον</em></strong></span> <span class='ocrx_word' id='word_1_171' title='bbox 507 2418 565 2495; x_wconf 85' lang='grc' dir='ltr'>τός</span> <span class='ocrx_word' id='word_1_172' title='bbox 584 2422 652 2483; x_wconf 78' lang='grc' dir='ltr'><strong><em>ἐκεῖ</em></strong></span> <span class='ocrx_word' id='word_1_173' title='bbox 661 2424 919 2501; x_wconf 79' lang='grc' dir='ltr'><strong><em>θαυματοποιίας</em></strong></span> <span class='ocrx_word' id='word_1_174' title='bbox 941 2420 1060 2484; x_wconf 74' lang='grc' dir='ltr'><strong><em>εἰδέναι</em></strong></span> <span class='ocrx_word' id='word_1_175' title='bbox 1081 2419 1137 2481; x_wconf 83' lang='grc' dir='ltr'><strong><em>καί</em></strong></span> <span class='ocrx_word' id='word_1_176' title='bbox 1156 2414 1291 2491; x_wconf 84' lang='grc' dir='ltr'><strong><em>ταόταις</em></strong></span> 
     </span>
     <span class='ocr_line' id='line_1_21' title="bbox 141 2517 1418 2605; baseline -0.004 -21"><span class='ocrx_word' id='word_1_177' title='bbox 141 2538 179 2596; x_wconf 78' lang='lat'>20</span> <span class='ocrx_word' id='word_1_178' title='bbox 188 2521 245 2602; x_wconf 83' lang='grc' dir='ltr'>τῆς</span> <span class='ocrx_word' id='word_1_179' title='bbox 266 2520 509 2604; x_wconf 69' lang='grc' dir='ltr'><strong><em>προσκυνήσεως</em></strong></span> <span class='ocrx_word' id='word_1_180' title='bbox 531 2524 637 2602; x_wconf 78' lang='grc' dir='ltr'><strong><em>νέμειν</em></strong></span> <span class='ocrx_word' id='word_1_181' title='bbox 666 2517 701 2587; x_wconf 90' lang='grc' dir='ltr'>τό</span> <span class='ocrx_word' id='word_1_182' title='bbox 722 2521 911 2605; x_wconf 82' lang='grc' dir='ltr'><strong><em>κράτιστον,</em></strong></span> <span class='ocrx_word' id='word_1_183' title='bbox 943 2520 1068 2604; x_wconf 87' lang='grc' dir='ltr'><strong><em>πρῶτον</em></strong></span> <span class='ocrx_word' id='word_1_184' title='bbox 1097 2519 1155 2602; x_wconf 72' lang='grc' dir='ltr'><strong><em>μὲν</em></strong></span> <span class='ocrx_word' id='word_1_185' title='bbox 1180 2518 1290 2601; x_wconf 89' lang='grc' dir='ltr'><strong><em>σοφῶν</em></strong></span> <span class='ocrx_word' id='word_1_186' title='bbox 1300 2522 1318 2578; x_wconf 83' lang='lat' dir='ltr'>i.</span> <span class='ocrx_word' id='word_1_187' title='bbox 1331 2520 1379 2578; x_wconf 80' lang='lat'>161</span> <span class='ocrx_word' id='word_1_188' title='bbox 1390 2536 1418 2579; x_wconf 83' lang='lat' dir='ltr'>a.</span> 
     </span>
     <span class='ocr_line' id='line_1_22' title="bbox 188 2618 1374 2708; baseline -0.003 -23"><span class='ocrx_word' id='word_1_189' title='bbox 188 2623 313 2703; x_wconf 88' lang='grc' dir='ltr'><strong><em>ἀνδρῶν</em></strong></span> <span class='ocrx_word' id='word_1_190' title='bbox 338 2625 440 2686; x_wconf 75' lang='grc' dir='ltr'><strong><em>ἐδεῖτο</em></strong></span> <span class='ocrx_word' id='word_1_191' title='bbox 459 2620 540 2705; x_wconf 88' lang='grc' dir='ltr'><strong><em>πρός</em></strong></span> <span class='ocrx_word' id='word_1_192' title='bbox 570 2619 704 2705; x_wconf 84' lang='grc' dir='ltr'><strong><em>ἔρευναν</em></strong></span> <span class='ocrx_word' id='word_1_193' title='bbox 734 2625 923 2708; x_wconf 81' lang='grc' dir='ltr'><strong><em>τάσφαλοῦς</em></strong></span> <span class='ocrx_word' id='word_1_194' title='bbox 948 2622 1084 2704; x_wconf 78' lang='grc' dir='ltr'><strong><em>ἀκριβή,</em></strong></span> <span class='ocrx_word' id='word_1_195' title='bbox 1115 2621 1175 2690; x_wconf 73' lang='grc' dir='ltr'><strong><em>’καί</em></strong></span> <span class='ocrx_word' id='word_1_196' title='bbox 1195 2618 1289 2683; x_wconf 73' lang='lat' dir='ltr'>uitta</span> <span class='ocrx_word' id='word_1_197' title='bbox 1367 2621 1374 2636; x_wconf 75' lang='lat'>⁸</span> 
     </span>
     <span class='ocr_line' id='line_1_23' title="bbox 187 2705 1289 2812; baseline -0.002 -25"><span class='ocrx_word' id='word_1_198' title='bbox 187 2705 234 2788; x_wconf 77' lang='grc' dir='ltr'>ἀνΙ</span> <span class='ocrx_word' id='word_1_199' title='bbox 249 2714 289 2806; x_wconf 85' lang='grc' dir='ltr'><strong><em>ήν</em></strong></span> <span class='ocrx_word' id='word_1_200' title='bbox 318 2721 514 2810; x_wconf 76' lang='grc' dir='ltr'><strong><em>ἀδικώτερον</em></strong></span> <span class='ocrx_word' id='word_1_201' title='bbox 543 2723 622 2790; x_wconf 86' lang='grc' dir='ltr'><strong><em>κυτά</em></strong></span> <span class='ocrx_word' id='word_1_202' title='bbox 645 2722 701 2789; x_wconf 87' lang='grc' dir='ltr'>τόν</span> <span class='ocrx_word' id='word_1_203' title='bbox 731 2720 862 2790; x_wconf 81' lang='grc' dir='ltr'><strong><em>εἰπόντα</em></strong></span> <span class='ocrx_word' id='word_1_204' title='bbox 883 2729 941 2812; x_wconf 80' lang='grc' dir='ltr'>τῇς</span> <span class='ocrx_word' id='word_1_205' title='bbox 971 2711 1127 2810; x_wconf 83' lang='grc' dir='ltr'><strong><em>ήμετίρας</em></strong></span> <span class='ocrx_word' id='word_1_206' title='bbox 1142 2723 1289 2802; x_wconf 70' lang='lat' dir='ltr'>arbesec,</span> 
     </span>
     <span class='ocr_line' id='line_1_24' title="bbox 163 2815 1291 2914; baseline -0.005 -24"><span class='ocrx_word' id='word_1_207' title='bbox 163 2815 219 2892; x_wconf 76' lang='grc' dir='ltr'><strong><em>ἐἰ</em></strong></span> <span class='ocrx_word' id='word_1_208' title='bbox 238 2821 275 2890; x_wconf 88' lang='grc' dir='ltr'>τό</span> <span class='ocrx_word' id='word_1_209' title='bbox 295 2829 390 2892; x_wconf 74' lang='grc' dir='ltr'><strong><em>πλέον</em></strong></span> <span class='ocrx_word' id='word_1_210' title='bbox 412 2819 500 2912; x_wconf 84' lang='grc' dir='ltr'><strong><em>εἶχον</em></strong></span> <span class='ocrx_word' id='word_1_211' title='bbox 521 2823 552 2893; x_wconf 82' lang='grc' dir='ltr'>οἱ</span> <span class='ocrx_word' id='word_1_212' title='bbox 572 2828 690 2914; x_wconf 89' lang='grc' dir='ltr'><strong><em>σοφοί,</em></strong></span> <span class='ocrx_word' id='word_1_213' title='bbox 718 2824 774 2892; x_wconf 79' lang='grc' dir='ltr'><strong><em>καί</em></strong></span> <span class='ocrx_word' id='word_1_214' title='bbox 802 2826 859 2892; x_wconf 83' lang='grc' dir='ltr'><strong><em>οάκ</em></strong></span> <span class='ocrx_word' id='word_1_215' title='bbox 879 2829 927 2894; x_wconf 74' lang='grc' dir='ltr'><strong><em>ἀπ’</em></strong></span> <span class='ocrx_word' id='word_1_216' title='bbox 950 2823 1021 2914; x_wconf 83' lang='grc' dir='ltr'><strong><em>ἴσης</em></strong></span> <span class='ocrx_word' id='word_1_217' title='bbox 1050 2826 1108 2892; x_wconf 64' lang='lat' dir='ltr'>aaa*</span> <span class='ocrx_word' id='word_1_218' title='bbox 1127 2823 1291 2904; x_wconf 77' lang='grc' dir='ltr'><strong><em>σῶζεσδαι</em></strong></span> 
     </span>
    </p>
   </div>
   <div class='ocr_carea' id='block_1_3' title="bbox 186 3159 1290 3518">
    <p class='ocr_par' dir='ltr' id='par_1_3' title="bbox 186 3159 1290 3518">
     <span class='ocr_line' id='line_1_25' title="bbox 186 3159 1290 3229; baseline -0.005 -12"><span class='ocrx_word' id='word_1_219' title='bbox 186 3170 282 3229; x_wconf 89' lang='lat' dir='ltr'>tatem,</span> <span class='ocrx_word' id='word_1_220' title='bbox 305 3177 382 3215; x_wconf 91' lang='lat' dir='ltr'>nsum</span> <span class='ocrx_word' id='word_1_221' title='bbox 414 3177 474 3214; x_wconf 90' lang='lat' dir='ltr'>cum</span> <span class='ocrx_word' id='word_1_222' title='bbox 492 3159 605 3214; x_wconf 88' lang='lat' dir='ltr'>alierum</span> <span class='ocrx_word' id='word_1_223' title='bbox 629 3162 775 3228; x_wconf 77' lang='lat' dir='ltr'><strong>uxoribus,</strong></span> <span class='ocrx_word' id='word_1_224' title='bbox 806 3160 913 3214; x_wconf 87' lang='lat' dir='ltr'>omnino</span> <span class='ocrx_word' id='word_1_225' title='bbox 939 3173 975 3212; x_wconf 89' lang='lat' dir='ltr'>ne</span> <span class='ocrx_word' id='word_1_226' title='bbox 993 3159 1084 3214; x_wconf 88' lang='lat' dir='ltr'>multis</span> <span class='ocrx_word' id='word_1_227' title='bbox 1112 3159 1202 3214; x_wconf 82' lang='lat' dir='ltr'>verbis</span> <span class='ocrx_word' id='word_1_228' title='bbox 1230 3166 1290 3212; x_wconf 90' lang='lat' dir='ltr'>utar</span> 
     </span>
     <span class='ocr_line' id='line_1_26' title="bbox 188 3231 1290 3303; baseline -0.006 -15"><span class='ocrx_word' id='word_1_229' title='bbox 188 3252 292 3288; x_wconf 84' lang='lat' dir='ltr'>omnam</span> <span class='ocrx_word' id='word_1_230' title='bbox 310 3233 449 3286; x_wconf 81' lang='lat' dir='ltr'>libidinem</span> <span class='ocrx_word' id='word_1_231' title='bbox 475 3249 527 3303; x_wconf 90' lang='lat' dir='ltr'>qua</span> <span class='ocrx_word' id='word_1_232' title='bbox 557 3235 675 3286; x_wconf 78' lang='lat' dir='ltr'>immersi</span> <span class='ocrx_word' id='word_1_233' title='bbox 699 3235 764 3287; x_wconf 89' lang='lat' dir='ltr'>talia</span> <span class='ocrx_word' id='word_1_234' title='bbox 783 3233 885 3300; x_wconf 16' lang='lat' dir='ltr'>iacere*</span> <span class='ocrx_word' id='word_1_235' title='bbox 898 3231 987 3300; x_wconf 88' lang='lat' dir='ltr'>palam</span> <span class='ocrx_word' id='word_1_236' title='bbox 1005 3246 1059 3284; x_wconf 92' lang='lat' dir='ltr'>non</span> <span class='ocrx_word' id='word_1_237' title='bbox 1084 3239 1243 3284; x_wconf 77' lang='lat' dir='ltr'>vererentur</span> <span class='ocrx_word' id='word_1_238' title='bbox 1262 3237 1290 3292; x_wconf 82' lang='lat' dir='ltr'>at</span> 
     </span>
     <span class='ocr_line' id='line_1_27' title="bbox 187 3303 1289 3375; baseline -0.007 -14"><span class='ocrx_word' id='word_1_239' title='bbox 187 3310 228 3361; x_wconf 88' lang='lat' dir='ltr'>sic</span> <span class='ocrx_word' id='word_1_240' title='bbox 245 3317 370 3375; x_wconf 88' lang='lat' dir='ltr'>tanquam</span> <span class='ocrx_word' id='word_1_241' title='bbox 385 3307 456 3357; x_wconf 88' lang='lat' dir='ltr'>omni</span> <span class='ocrx_word' id='word_1_242' title='bbox 476 3321 557 3359; x_wconf 89' lang='lat' dir='ltr'>sensu</span> <span class='ocrx_word' id='word_1_243' title='bbox 576 3305 707 3358; x_wconf 85' lang='lat' dir='ltr'>alienatos</span> <span class='ocrx_word' id='word_1_244' title='bbox 732 3305 856 3372; x_wconf 88' lang='lat' dir='ltr'>labprare</span> <span class='ocrx_word' id='word_1_245' title='bbox 882 3319 928 3356; x_wconf 90' lang='lat' dir='ltr'>eos</span> <span class='ocrx_word' id='word_1_246' title='bbox 953 3303 1046 3356; x_wconf 89' lang='lat' dir='ltr'>morbo</span> <span class='ocrx_word' id='word_1_247' title='bbox 1067 3303 1289 3371; x_wconf 75' lang='lat' dir='ltr'>intemperantiae</span> 
     </span>
     <span class='ocr_line' id='line_1_28' title="bbox 187 3374 1289 3445; baseline -0.005 -14"><span class='ocrx_word' id='word_1_248' title='bbox 187 3395 252 3431; x_wconf 89' lang='lat' dir='ltr'>suae</span> <span class='ocrx_word' id='word_1_249' title='bbox 279 3387 307 3430; x_wconf 94' lang='lat' dir='ltr'>et</span> <span class='ocrx_word' id='word_1_250' title='bbox 335 3379 415 3430; x_wconf 90' lang='lat' dir='ltr'>duros</span> <span class='ocrx_word' id='word_1_251' title='bbox 444 3385 563 3435; x_wconf 71' lang='lat' dir='ltr'>aremet</span> <span class='ocrx_word' id='word_1_252' title='bbox 589 3379 655 3444; x_wconf 88' lang='lat' dir='ltr'>ipsis</span> <span class='ocrx_word' id='word_1_253' title='bbox 684 3386 710 3429; x_wconf 92' lang='lat' dir='ltr'>et</span> <span class='ocrx_word' id='word_1_254' title='bbox 733 3394 749 3429; x_wconf 90' lang='lat' dir='ltr'>a</span> <span class='ocrx_word' id='word_1_255' title='bbox 774 3376 946 3429; x_wconf 87' lang='lat' dir='ltr'>daemonibus</span> <span class='ocrx_word' id='word_1_256' title='bbox 966 3377 1011 3445; x_wconf 87' lang='lat' dir='ltr'>qui</span> <span class='ocrx_word' id='word_1_257' title='bbox 1037 3375 1065 3425; x_wconf 93' lang='lat' dir='ltr'>in</span> <span class='ocrx_word' id='word_1_258' title='bbox 1085 3376 1119 3428; x_wconf 90' lang='lat' dir='ltr'>iis</span> <span class='ocrx_word' id='word_1_259' title='bbox 1138 3374 1289 3427; x_wconf 71' lang='lat' dir='ltr'>habitarent</span> 
     </span>
     <span class='ocr_line' id='line_1_29' title="bbox 186 3449 1043 3518; baseline -0.005 -16"><span class='ocrx_word' id='word_1_260' title='bbox 186 3452 293 3518; x_wconf 82' lang='lat' dir='ltr'>perpeti</span> <span class='ocrx_word' id='word_1_261' title='bbox 315 3451 448 3502; x_wconf 85' lang='lat' dir='ltr'>cruciatus</span> <span class='ocrx_word' id='word_1_262' title='bbox 467 3457 496 3500; x_wconf 93' lang='lat' dir='ltr'>ut</span> <span class='ocrx_word' id='word_1_263' title='bbox 516 3450 561 3516; x_wconf 90' lang='lat' dir='ltr'>qni</span> <span class='ocrx_word' id='word_1_264' title='bbox 580 3449 708 3516; x_wconf 88' lang='lat' dir='ltr'>pbrenesi</span> <span class='ocrx_word' id='word_1_265' title='bbox 726 3450 818 3501; x_wconf 85' lang='lat' dir='ltr'>morbo</span> <span class='ocrx_word' id='word_1_266' title='bbox 837 3449 925 3500; x_wconf 81' lang='lat' dir='ltr'>affecti</span> <span class='ocrx_word' id='word_1_267' title='bbox 944 3454 1043 3501; x_wconf 88' lang='lat' dir='ltr'>essent.</span> 
     </span>
    </p>
   </div>
   <div class='ocr_carea' id='block_1_4' title="bbox 185 3542 1376 4408">
    <p class='ocr_par' dir='ltr' id='par_1_4' title="bbox 185 3542 1376 4408">
     <span class='ocr_line' id='line_1_30' title="bbox 286 3542 1288 3615; baseline -0.008 -16"><span class='ocrx_word' id='word_1_268' title='bbox 286 3546 411 3600; x_wconf 86' lang='lat' dir='ltr'>Inveniet</span> <span class='ocrx_word' id='word_1_269' title='bbox 429 3550 518 3599; x_wconf 80' lang='lat' dir='ltr'>autem</span> <span class='ocrx_word' id='word_1_270' title='bbox 537 3547 570 3598; x_wconf 91' lang='lat' dir='ltr'>de</span> <span class='ocrx_word' id='word_1_271' title='bbox 588 3546 631 3597; x_wconf 91' lang='lat' dir='ltr'>his</span> <span class='ocrx_word' id='word_1_272' title='bbox 649 3548 695 3615; x_wconf 91' lang='lat' dir='ltr'>qni</span> <span class='ocrx_word' id='word_1_273' title='bbox 713 3547 861 3598; x_wconf 87' lang='lat' dir='ltr'>consulere</span> <span class='ocrx_word' id='word_1_274' title='bbox 880 3545 948 3598; x_wconf 85' lang='lat' dir='ltr'>velit</span> <span class='ocrx_word' id='word_1_275' title='bbox 965 3546 993 3596; x_wconf 93' lang='lat' dir='ltr'>in</span> <span class='ocrx_word' id='word_1_276' title='bbox 1011 3542 1154 3612; x_wconf 87' lang='lat' dir='ltr'>discipline</span> <span class='ocrx_word' id='word_1_277' title='bbox 1172 3543 1205 3595; x_wconf 92' lang='lat' dir='ltr'>de</span> <span class='ocrx_word' id='word_1_278' title='bbox 1223 3557 1288 3608; x_wconf 85' lang='lat' dir='ltr'>pra.</span> 
     </span>
     <span class='ocr_line' id='line_1_31' title="bbox 188 3613 1287 3685; baseline -0.006 -14"><span class='ocrx_word' id='word_1_279' title='bbox 188 3619 265 3671; x_wconf 89' lang='lat' dir='ltr'>cticis</span> <span class='ocrx_word' id='word_1_280' title='bbox 284 3627 393 3671; x_wconf 87' lang='lat' dir='ltr'>sanctae</span> <span class='ocrx_word' id='word_1_281' title='bbox 417 3628 443 3670; x_wconf 89' lang='lat' dir='ltr'>et</span> <span class='ocrx_word' id='word_1_282' title='bbox 462 3620 654 3670; x_wconf 87' lang='lat' dir='ltr'>oecumenicae</span> <span class='ocrx_word' id='word_1_283' title='bbox 667 3620 763 3671; x_wconf 84' lang='lat' dir='ltr'>tertiae</span> <span class='ocrx_word' id='word_1_284' title='bbox 782 3619 878 3685; x_wconf 78' lang='lat' dir='ltr'>synodi</span> <span class='ocrx_word' id='word_1_285' title='bbox 898 3619 976 3670; x_wconf 88' lang='lat' dir='ltr'>etiam</span> <span class='ocrx_word' id='word_1_286' title='bbox 996 3617 1135 3684; x_wconf 74' lang='lat' dir='ltr'>septimae,</span> <span class='ocrx_word' id='word_1_287' title='bbox 1155 3613 1287 3684; x_wconf 81' lang='lat' dir='ltr'>quomedo</span> 
     </span>
     <span class='ocr_line' id='line_1_32' title="bbox 187 3684 1376 3758; baseline -0.009 -16"><span class='ocrx_word' id='word_1_288' title='bbox 187 3691 322 3742; x_wconf 74' lang='lat' dir='ltr'>diffament</span> <span class='ocrx_word' id='word_1_289' title='bbox 340 3699 368 3742; x_wconf 90' lang='lat' dir='ltr'>et</span> <span class='ocrx_word' id='word_1_290' title='bbox 387 3692 565 3742; x_wconf 83' lang='lat' dir='ltr'>condemnent</span> <span class='ocrx_word' id='word_1_291' title='bbox 582 3691 670 3757; x_wconf 90' lang='lat' dir='ltr'>turpia</span> <span class='ocrx_word' id='word_1_292' title='bbox 688 3689 782 3741; x_wconf 86' lang='lat' dir='ltr'>borum</span> <span class='ocrx_word' id='word_1_293' title='bbox 803 3691 922 3742; x_wconf 81' lang='lat' dir='ltr'>facinora</span> <span class='ocrx_word' id='word_1_294' title='bbox 951 3698 977 3742; x_wconf 94' lang='lat' dir='ltr'>et</span> <span class='ocrx_word' id='word_1_295' title='bbox 998 3687 1130 3758; x_wconf 86' lang='lat' dir='ltr'>quamodo</span> <span class='ocrx_word' id='word_1_296' title='bbox 1149 3684 1289 3740; x_wconf 77' lang='lat' dir='ltr'>Massalia.</span> <span class='ocrx_word' id='word_1_297' title='bbox 1373 3725 1376 3732; x_wconf 85' lang='grc'><strong><em>,</em></strong></span> 
     </span>
     <span class='ocr_line' id='line_1_33' title="bbox 187 3757 1289 3830; baseline -0.005 -17"><span class='ocrx_word' id='word_1_298' title='bbox 187 3776 237 3813; x_wconf 87' lang='lat' dir='ltr'>nes</span> <span class='ocrx_word' id='word_1_299' title='bbox 255 3763 321 3813; x_wconf 87' lang='lat' dir='ltr'>istos</span> <span class='ocrx_word' id='word_1_300' title='bbox 339 3762 479 3830; x_wconf 87' lang='lat' dir='ltr'>appellent</span> <span class='ocrx_word' id='word_1_301' title='bbox 488 3770 515 3814; x_wconf 90' lang='lat' dir='ltr'>ct</span> <span class='ocrx_word' id='word_1_302' title='bbox 524 3763 718 3816; x_wconf 76' lang='lat' dir='ltr'>Marcionistas.</span> <span class='ocrx_word' id='word_1_303' title='bbox 748 3762 916 3814; x_wconf 73' lang='lat' dir='ltr'>satisfacient</span> <span class='ocrx_word' id='word_1_304' title='bbox 928 3769 1015 3814; x_wconf 85' lang='lat' dir='ltr'>autem</span> <span class='ocrx_word' id='word_1_305' title='bbox 1034 3775 1105 3812; x_wconf 89' lang='lat' dir='ltr'>nunc</span> <span class='ocrx_word' id='word_1_306' title='bbox 1124 3758 1156 3810; x_wconf 90' lang='lat' dir='ltr'>ad</span> <span class='ocrx_word' id='word_1_307' title='bbox 1176 3757 1289 3810; x_wconf 80' lang='lat' dir='ltr'>eviden-</span> 
     </span>
     <span class='ocr_line' id='line_1_34' title="bbox 187 3825 1289 3901; baseline -0.004 -19"><span class='ocrx_word' id='word_1_308' title='bbox 187 3835 250 3883; x_wconf 87' lang='lat' dir='ltr'>tiam</span> <span class='ocrx_word' id='word_1_309' title='bbox 268 3833 321 3883; x_wconf 86' lang='lat' dir='ltr'>alia</span> <span class='ocrx_word' id='word_1_310' title='bbox 339 3834 454 3901; x_wconf 87' lang='lat' dir='ltr'>plurima</span> <span class='ocrx_word' id='word_1_311' title='bbox 471 3835 625 3887; x_wconf 89' lang='lat' dir='ltr'>testimonia</span> <span class='ocrx_word' id='word_1_312' title='bbox 644 3832 783 3885; x_wconf 88' lang='lat' dir='ltr'>luculenta</span> <span class='ocrx_word' id='word_1_313' title='bbox 807 3842 834 3885; x_wconf 90' lang='lat' dir='ltr'>et</span> <span class='ocrx_word' id='word_1_314' title='bbox 852 3849 916 3900; x_wconf 91' lang='lat' dir='ltr'>prae</span> <span class='ocrx_word' id='word_1_315' title='bbox 946 3832 1006 3886; x_wconf 86' lang='lat' dir='ltr'>aliis</span> <span class='ocrx_word' id='word_1_316' title='bbox 1024 3831 1146 3883; x_wconf 85' lang='lat' dir='ltr'>omnibus</span> <span class='ocrx_word' id='word_1_317' title='bbox 1169 3844 1237 3898; x_wconf 86' lang='lat' dir='ltr'>quae</span> <span class='ocrx_word' id='word_1_318' title='bbox 1256 3825 1289 3879; x_wconf 88' lang='lat' dir='ltr'>ab</span> 
     </span>
     <span class='ocr_line' id='line_1_35' title="bbox 187 3899 1289 3973; baseline -0.006 -17"><span class='ocrx_word' id='word_1_319' title='bbox 187 3903 260 3956; x_wconf 76' lang='lat' dir='ltr'>Atho</span> <span class='ocrx_word' id='word_1_320' title='bbox 275 3913 365 3956; x_wconf 90' lang='lat' dir='ltr'>monte</span> <span class='ocrx_word' id='word_1_321' title='bbox 383 3905 426 3956; x_wconf 92' lang='lat' dir='ltr'>bis</span> <span class='ocrx_word' id='word_1_322' title='bbox 447 3914 473 3957; x_wconf 88' lang='lat' dir='ltr'>et</span> <span class='ocrx_word' id='word_1_323' title='bbox 490 3915 532 3958; x_wconf 90' lang='lat' dir='ltr'>ter</span> <span class='ocrx_word' id='word_1_324' title='bbox 552 3913 579 3958; x_wconf 91' lang='lat' dir='ltr'>et</span> <span class='ocrx_word' id='word_1_325' title='bbox 600 3907 710 3973; x_wconf 86' lang='lat' dir='ltr'>saepius</span> <span class='ocrx_word' id='word_1_326' title='bbox 728 3907 761 3957; x_wconf 91' lang='lat' dir='ltr'>ad</span> <span class='ocrx_word' id='word_1_327' title='bbox 779 3920 830 3956; x_wconf 92' lang='lat' dir='ltr'>nos</span> <span class='ocrx_word' id='word_1_328' title='bbox 857 3912 1040 3972; x_wconf 87' lang='lat' dir='ltr'>pervenerunt</span> <span class='ocrx_word' id='word_1_329' title='bbox 1060 3901 1186 3972; x_wconf 76' lang='lat' dir='ltr'>evulgata</span> <span class='ocrx_word' id='word_1_330' title='bbox 1205 3907 1232 3952; x_wconf 91' lang='lat' dir='ltr'>et</span> <span class='ocrx_word' id='word_1_331' title='bbox 1251 3899 1289 3951; x_wconf 90' lang='lat' dir='ltr'>li-</span> 
     </span>
     <span class='ocr_line' id='line_1_36' title="bbox 188 3971 1289 4046; baseline -0.004 -20"><span class='ocrx_word' id='word_1_332' title='bbox 188 3974 254 4026; x_wconf 89' lang='lat' dir='ltr'>bere</span> <span class='ocrx_word' id='word_1_333' title='bbox 270 3974 358 4041; x_wconf 90' lang='lat' dir='ltr'>palam</span> <span class='ocrx_word' id='word_1_334' title='bbox 378 3979 500 4042; x_wconf 80' lang='lat' dir='ltr'>exposita</span> <span class='ocrx_word' id='word_1_335' title='bbox 525 3978 683 4029; x_wconf 89' lang='lat' dir='ltr'>documenta</span> <span class='ocrx_word' id='word_1_336' title='bbox 709 3977 804 4046; x_wconf 90' lang='lat' dir='ltr'>quibus</span> <span class='ocrx_word' id='word_1_337' title='bbox 830 3977 937 4028; x_wconf 88' lang='lat' dir='ltr'>illorum</span> <span class='ocrx_word' id='word_1_338' title='bbox 963 3974 1069 4046; x_wconf 81' lang='lat' dir='ltr'>singuia</span> <span class='ocrx_word' id='word_1_339' title='bbox 1092 3973 1192 4042; x_wconf 81' lang='lat' dir='ltr'>flagitia</span> <span class='ocrx_word' id='word_1_340' title='bbox 1216 3971 1289 4024; x_wconf 88' lang='lat' dir='ltr'>indi-</span> 
     </span>
     <span class='ocr_line' id='line_1_37' title="bbox 187 4043 1289 4114; baseline -0.003 -18"><span class='ocrx_word' id='word_1_341' title='bbox 187 4053 291 4097; x_wconf 86' lang='lat' dir='ltr'>cantur.</span> <span class='ocrx_word' id='word_1_342' title='bbox 328 4055 355 4097; x_wconf 91' lang='lat' dir='ltr'>at</span> <span class='ocrx_word' id='word_1_343' title='bbox 377 4047 400 4097; x_wconf 93' lang='lat' dir='ltr'>si</span> <span class='ocrx_word' id='word_1_344' title='bbox 419 4049 516 4114; x_wconf 81' lang='lat' dir='ltr'>pietatis</span> <span class='ocrx_word' id='word_1_345' title='bbox 533 4059 642 4101; x_wconf 91' lang='lat' dir='ltr'>nostrae</span> <span class='ocrx_word' id='word_1_346' title='bbox 662 4058 690 4102; x_wconf 88' lang='lat' dir='ltr'>et</span> <span class='ocrx_word' id='word_1_347' title='bbox 708 4056 816 4101; x_wconf 90' lang='lat' dir='ltr'>sanctae</span> <span class='ocrx_word' id='word_1_348' title='bbox 838 4049 975 4100; x_wconf 88' lang='lat' dir='ltr'>doctrinae</span> <span class='ocrx_word' id='word_1_349' title='bbox 988 4048 1116 4098; x_wconf 87' lang='lat' dir='ltr'>intererat</span> <span class='ocrx_word' id='word_1_350' title='bbox 1134 4043 1289 4112; x_wconf 76' lang='lat' dir='ltr'>intelligere</span> 
     </span>
     <span class='ocr_line' id='line_1_38' title="bbox 188 4115 1288 4186; baseline -0.002 -18"><span class='ocrx_word' id='word_1_351' title='bbox 188 4119 320 4186; x_wconf 87' lang='lat' dir='ltr'>quomedo</span> <span class='ocrx_word' id='word_1_352' title='bbox 330 4117 434 4170; x_wconf 80' lang='lat' dir='ltr'>Thabor</span> <span class='ocrx_word' id='word_1_353' title='bbox 453 4120 605 4172; x_wconf 84' lang='lat' dir='ltr'>etHermon</span> <span class='ocrx_word' id='word_1_354' title='bbox 617 4123 645 4172; x_wconf 92' lang='lat' dir='ltr'>in</span> <span class='ocrx_word' id='word_1_355' title='bbox 659 4123 768 4172; x_wconf 86' lang='lat' dir='ltr'>nomine</span> <span class='ocrx_word' id='word_1_356' title='bbox 786 4121 887 4172; x_wconf 86' lang='lat' dir='ltr'>domini</span> <span class='ocrx_word' id='word_1_357' title='bbox 899 4119 1028 4172; x_wconf 89' lang='lat' dir='ltr'>celebrati</span> <span class='ocrx_word' id='word_1_358' title='bbox 1045 4125 1135 4170; x_wconf 90' lang='lat' dir='ltr'>essent</span> <span class='ocrx_word' id='word_1_359' title='bbox 1155 4125 1182 4167; x_wconf 93' lang='lat' dir='ltr'>et</span> <span class='ocrx_word' id='word_1_360' title='bbox 1201 4115 1288 4170; x_wconf 87' lang='lat' dir='ltr'>sibae</span> 
     </span>
     <span class='ocr_line' id='line_1_39' title="bbox 187 4189 1288 4262; baseline -0.005 -21"><span class='ocrx_word' id='word_1_361' title='bbox 187 4191 220 4242; x_wconf 93' lang='lat' dir='ltr'>de</span> <span class='ocrx_word' id='word_1_362' title='bbox 238 4206 270 4241; x_wconf 92' lang='lat' dir='ltr'>re</span> <span class='ocrx_word' id='word_1_363' title='bbox 288 4191 470 4241; x_wconf 88' lang='lat' dir='ltr'>necessarium</span> <span class='ocrx_word' id='word_1_364' title='bbox 502 4194 608 4244; x_wconf 86' lang='lat' dir='ltr'>omnino</span> <span class='ocrx_word' id='word_1_365' title='bbox 636 4201 693 4244; x_wconf 90' lang='lat' dir='ltr'>erat</span> <span class='ocrx_word' id='word_1_366' title='bbox 716 4209 785 4262; x_wconf 89' lang='lat' dir='ltr'>quae</span> <span class='ocrx_word' id='word_1_367' title='bbox 815 4209 873 4243; x_wconf 89' lang='lat' dir='ltr'>curn</span> <span class='ocrx_word' id='word_1_368' title='bbox 890 4191 1027 4244; x_wconf 85' lang='lat' dir='ltr'>miraculis</span> <span class='ocrx_word' id='word_1_369' title='bbox 1056 4189 1093 4250; x_wconf 80' lang='lat' dir='ltr'>ibi</span> <span class='ocrx_word' id='word_1_370' title='bbox 1121 4189 1199 4241; x_wconf 89' lang='lat' dir='ltr'>editis</span> <span class='ocrx_word' id='word_1_371' title='bbox 1219 4201 1288 4238; x_wconf 89' lang='lat' dir='ltr'>con.</span> 
     </span>
     <span class='ocr_line' id='line_1_40' title="bbox 185 4258 1289 4333; baseline -0.007 -20"><span class='ocrx_word' id='word_1_372' title='bbox 185 4262 278 4314; x_wconf 87' lang='lat' dir='ltr'>iuncta</span> <span class='ocrx_word' id='word_1_373' title='bbox 295 4261 410 4314; x_wconf 78' lang='lat' dir='ltr'>tuissent</span> <span class='ocrx_word' id='word_1_374' title='bbox 425 4262 574 4330; x_wconf 85' lang='lat' dir='ltr'>inquirere,</span> <span class='ocrx_word' id='word_1_375' title='bbox 594 4265 683 4333; x_wconf 87' lang='lat' dir='ltr'>iisqne</span> <span class='ocrx_word' id='word_1_376' title='bbox 709 4265 912 4317; x_wconf 83' lang='lat' dir='ltr'>venerationem</span> <span class='ocrx_word' id='word_1_377' title='bbox 931 4278 1056 4317; x_wconf 89' lang='lat' dir='ltr'>summam</span> <span class='ocrx_word' id='word_1_378' title='bbox 1076 4260 1210 4314; x_wconf 73' lang='lat' dir='ltr'>tribueret</span> <span class='ocrx_word' id='word_1_379' title='bbox 1229 4258 1289 4325; x_wconf 87' lang='lat' dir='ltr'>pri.</span> 
     </span>
     <span class='ocr_line' id='line_1_41' title="bbox 185 4332 1287 4408; baseline -0.007 -19"><span class='ocrx_word' id='word_1_380' title='bbox 185 4349 257 4389; x_wconf 83' lang='lat' dir='ltr'>mum</span> <span class='ocrx_word' id='word_1_381' title='bbox 275 4349 343 4404; x_wconf 84' lang='lat' dir='ltr'>opus</span> <span class='ocrx_word' id='word_1_382' title='bbox 363 4341 420 4387; x_wconf 90' lang='lat' dir='ltr'>erat</span> <span class='ocrx_word' id='word_1_383' title='bbox 440 4342 470 4387; x_wconf 88' lang='lat' dir='ltr'>ut</span> <span class='ocrx_word' id='word_1_384' title='bbox 487 4349 503 4387; x_wconf 87' lang='lat' dir='ltr'>a</span> <span class='ocrx_word' id='word_1_385' title='bbox 522 4337 589 4391; x_wconf 86' lang='lat' dir='ltr'>airis</span> <span class='ocrx_word' id='word_1_386' title='bbox 610 4337 696 4392; x_wconf 84' lang='lat' dir='ltr'>doctis</span> <span class='ocrx_word' id='word_1_387' title='bbox 716 4353 791 4408; x_wconf 78' lang='lat' dir='ltr'>quac·</span> <span class='ocrx_word' id='word_1_388' title='bbox 806 4345 880 4390; x_wconf 83' lang='lat' dir='ltr'>certa</span> <span class='ocrx_word' id='word_1_389' title='bbox 898 4336 952 4391; x_wconf 89' lang='lat' dir='ltr'>sint</span> <span class='ocrx_word' id='word_1_390' title='bbox 970 4341 1094 4390; x_wconf 87' lang='lat' dir='ltr'>accurate</span> <span class='ocrx_word' id='word_1_391' title='bbox 1114 4332 1287 4403; x_wconf 89' lang='lat' dir='ltr'>inquireren.</span> 
     </span>
    </p>
   </div>
   <div class='ocr_carea' id='block_1_5' title="bbox 0 0 1600 5100">
    <p class='ocr_par' dir='ltr' id='par_1_5' title="bbox 0 0 1600 5100">
     <span class='ocr_line' id='line_1_42' title="bbox 0 0 1600 5100; baseline 0 0"><span class='ocrx_word' id='word_1_392' title='bbox 0 0 1600 5100; x_wconf 95' lang='lat' dir='ltr'> </span> 
     </span>
    </p>
   </div>
  </div>
 </body>
</html>
