3184 5100
333 392 416 505 560·
633 398 856 466 NIOEPHORI
890 398 1118 465 GREGORAE
1207 438 1212 449 ·

331 584 385 623 ται
415 557 477 644 ηιίρ
509 560 542 623 ἐν
573 553 654 648 ι’έκρηι
682 560 803 625 κόλπου
832 558 916 635 τινός
947 562 1131 638 θαλαττίου,
1160 562 1446 648 uuigorniensem

332 662 387 741 τῆς
409 660 561 735 Αἰολίδος
581 663 639 745 γῆς
661 660 845 745 προϊόντος,
867 661 921 725 καί
940 665 1002 725 τῶν
1024 661 1123 747 ὁρίων
1152 660 1216 747 ἤδη
1238 665 1365 744 σχεδόν
1391 668 1448 747 τῆς

267 762 396 825 ‘flotin
418 762 537 825 Λυδῶν
568 761 816 847 παραψαόοντος
845 762 982 847 χωρας.4
1020 762 1135 847 ταότης
1157 764 1368 848 ἐπιτροπεύει
1390 769 1447 848 τῆς

335 861 474 939 πόλεως,
504 860 540 926 δν
574 859 612 926 δν
633 860 651 925 ό
670 852 842 945 Ῥωμαίων
873 864 975 928 ἕλοιτο
1003 864 1154 944 βασιλεὺς
1174 867 1229 930 καί
1251 862 1289 929 όν
1311 867 1348 929 ἐκ
1371 868 1445 929 Βυ-

278 1014 289 1037 ,
336 962 469 1041 ζαντίων
501 963 602 1026 ἐκεῖσε
623 962 776 1045 πέμψειε,
808 967 884 1027 καθ
910 962 946 1026 ὃν
964 958 1000 1026 ι’ἰν
1027 964 1082 1028 καί
1105 966 1157 1051 ἐφ’
1180 964 1255 1030 ὅσον
1278 964 1468 1051 κυρώσειε5

333 1062 461 1147 χρόνον.
514 1061 549 1127 τὸ
581 1061 619 1147 δη
639 1067 778 1129 τοιοότον
807 1064 945 1146 μαθόντι
972 1067 1019 1149 τῷ
1046 1068 1103 1129 τοῦ
1132 1060 1310 1144 ἑαλωκότος
1339 1067 1445 1151 πατρί

330 1160 468 1246 Ὑρκανιό
491 1161 527 1226 οό
548 1164 635 1245 μάλα
657 1189 688 1227 τι
712 1161 839 1228 ἀνεκτόν
860 1166 1015 1249 ἐνομιόθη
1026 1214 1035 1243 ,
1060 1163 1128 1229 ἀλλ’
1153 1166 1271 1231 οἰκείου
1292 1169 1441 1229 θανάτου

332 1263 415 1346 μηδὲ
433 1262 542 1347 βραχό
562 1288 592 1327 τι
613 1263 769 1341 άπεοικός,
790 1262 840 1331 ότι
860 1263 915 1328 τόν
937 1262 1006 1329 υἰόν
1027 1266 1202 1349 ἐξημίωται
1219 1265 1291 1351 μέν,
1313 1263 1373 1351 ὑφ’
1397 1257 1443 1329 οἷν

335 1366 363 1427 δ’
386 1361 441 1427 οόκ
465 1362 642 1449 ᾐσθάνετο·
673 1366 836 1448 εἰκασμοῖς
856 1365 921 1450 γάρ
936 1390 1002 1430 τισι
1023 1365 1078 1430 καί
1100 1374 1294 1448 στοχασμοῖς
1318 1367 1440 1451 διαφό-

335 1460 402 1549 ροις
423 1465 564 1548 μερίζων
583 1464 655 1543 τοὺς
686 1468 864 1549 λογισμούς,
883 1467 1043 1550 μετέωρον
1074 1474 1228 1550 παρεῖχεν
1252 1466 1352 1549 ἀκοὴν
1373 1475 1477 1541 τοῖς10

266 1578 318 1631 Η
336 1560 438 1631 ἄλλοτ’
463 1561 543 1631 όλλα
565 1568 742 1651 θρυλλοῢσι
772 1566 871 1652 μέχρι
891 1570 1018 1634 πολλοῦ.
1062 1567 1124 1647 όηνέ
1147 1569 1182 1631 δὲ
1204 1568 1370 1652 ,Φωκαίας
1393 1561 1437 1630 εἰ-

334 1692 387 1736 ναι
408 1667 609 1750 πεπυσμένος
629 1666 701 1742 τοός
723 1665 776 1731 τόν
796 1668 868 1733 υἰόν
880 1651 1085 1755 ἁρπάσαντας
1102 1668 1265 1753 πειρατάς,
1285 1668 1352 1732 καί.
1364 1670 1436 1732 τοό-

332 1793 406 1843 τους
423 1766 601 1851 Ῥωμαίους
621 1768 689 1850 μέν,
713 1768 746 1830 ἐκ
771 1770 799 1831 δ’
816 1768 997 1852 ἀλλοδαπῆς
1010 1768 1093 1847 τινός
1113 1770 1167 1833 καί
1187 1770 1435 1853 μιξοβαρβάροο

332 1868 388 1951 τῆς
407 1868 529 1954 χώρας,
552 1868 607 1931 καί
628 1867 708 1951 μήτ’·
717 1868 750 1931 ἐκ
772 1868 929 1952 θαλάττης
951 1867 1035 1948 ἔχων
1054 1868 1126 1953 μη’τ’
1148 1867 1339 1952 ἐξῂπείρου
1363 1868 1435 1945 τούς

332 1964 385 2033 τόν
405 1966 476 2033 vion
497 1966 702 2051 κεκτημένους
723 1965 918 2049 άμόνασθαι,
942 1966 1023 2052 πρός
1043 1969 1140 2050 μόνον
1162 1968 1281 2049 ἔβλεψε
1294 1965 1350 2031 τόν
1372 1972 1434 2049 βα-
1445 1992 1472 2042 15
1507 1991 1509 2070 η

334 2069 444 2144 σιλέα,
475 2070 530 2133 καί
550 2068 647 2154 τοότιρ
667 2068 822 2154 παρέχειν
843 2067 916 2133 ὅλον
938 2063 1052 2132 ἑαυτὸν
1085 2068 1229 2150 ιίσμένως
1249 2065 1434 2147 ὑπισχνεῖτο
1507 2087 1509 2090 ·

335 2168 427 2254 φιλον
446 2192 479 2235 τε
512 2167 674 2255 ἀκραιφνῆ
703 2168 758 2231 καί
791 2169 959 2253 πρόθυμον
990 2166 1148 2253 ὑπηρέτην
1178 2167 1259 2251 πρός
1291 2166 1378 2231 ἅπαν
1398 2166 1432 2230 τό

332 2270 545 2352 κελευόμενον,
567 2269 622 2333 καί
643 2268 820 2354 χρημάτων
845 2265 988 2354 όφθονον
1002 2268 1149 2353 παροχέα
1169 2270 1238 2331 τῶν
1256 2268 1435 2353 άνηκόντων

335 2371 380 2445 εἰς
398 2371 534 2455 χρείαν,
566 2371 594 2433 εἰ
616 2368 712 2453 μόνον
735 2367 823 2455 εόροι
857 2368 949 2435 λόσιν
969 2371 1024 2434 τοῦ
1047 2370 1151 2433 δεινοῦ
1170 2371 1226 2443 καί
1252 2372 1356 2449 ζῶντα
1380 2366 1434 2451 τὴν
1507 2379 1509 2426 ι

267 2470 485 2554 ὕῦταχίστην
514 2469 608 2553 λάβοι
640 2468 693 2535 τόν
724 2472 836 2535 παῖδα.
891 2460 1052 2556 μετεώρου
1075 2492 1110 2556 ηε
1127 2467 1191 2553 μὴν
1211 2472 1267 2552 τῆς
1287 2468 1473 2552 τοιαίτηςηη
1507 2513 1509 2555 t

338 2567 433 2654 οὔσης
455 2573 626 2651 ἀσχολίας,
647 2573 799 2636 τεθνάναι
817 2570 896 2647 τέως
930 2573 1047 2657 συνέβη
1068 2571 1124 2636 καί
1143 2573 1197 2636 τόν
1219 2569 1435 2654 πρεσβύτερον
1507 2557 1509 2621 ἶ

204 2673 397 2738 tutorem
413 2669 563 2758 Ὑρκανοῦ
586 2675 719 2751 παίδων,
742 2669 778 2738 δν
798 2674 853 2738 καί
887 2672 1038 2754 διάδοχον
1061 2676 1225 2756 ἐταμιέυεν
1244 2665 1362 2736 ἑαυτοῦ
1381 2669 1436 2732 καί

1507 2245 1509 2308 i

336 2969 474 3024 liberalia
495 2979 521 3024 et
537 2985 586 3038 per
604 2967 702 3026 multos
721 2986 805 3025 annos
824 2986 856 3024 ac
874 2971 981 3040 quisito.
1027 2984 1109 3040 quare
1128 2967 1296 3038 quambene
1314 2980 1436 3034 coguos-
1507 3018 1508 3031 ¹

336 3051 377 3095 set
397 3041 445 3094 iiia
464 3043 578 3110 praedae
597 3045 710 3111 pretium
731 3043 808 3096 illico
834 3059 895 3096 sese
922 3049 1028 3111 praeter
1046 3042 1193 3093 Phocaeam
1211 3041 1316 3092 domum
1335 3045 1436 3089 contu.
1507 3036 1508 3105 i

335 3113 377 3166 lit.
421 3115 483 3166 urbs
515 3123 602 3166 antem
627 3115 689 3166 olim
716 3115 878 3178 Hellanicus,
898 3130 969 3165 nnuc
989 3129 1056 3165 vero
1073 3110 1351 3168 barbaristribnteria
1373 3117 1402 3159 ut
1419 3124 1436 3159 a
1507 3112 1508 3165 ζ

335 3186 431 3236 timore
452 3195 478 3238 et
496 3185 616 3252 periculo
635 3203 731 3238 secura
755 3202 815 3238 esse
834 3194 946 3252 posset,
967 3187 1018 3237 sita
1042 3193 1083 3235 est
1106 3186 1134 3235 in
1155 3183 1337 3250 promontorio
1359 3181 1435 3230 siuns
1507 3184 1508 3251 λ

335 3257 469 3322 maritimi,
490 3259 517 3308 in
536 3257 674 3312 Aeolidem
696 3267 792 3309 terram
812 3258 970 3325 longissime
989 3257 1149 3308 incurrentis
1170 3262 1197 3306 et
1215 3255 1281 3305 fines
1300 3251 1436 3317 Lydorum

335 3335 423 3380 terrac
444 3345 530 3395 paene
557 3331 722 3396 attingentis.
765 3330 809 3380 cui
836 3330 895 3379 arbi
914 3330 1028 3394 imperat
1055 3329 1099 3394 qui
1125 3342 1140 3377 a
1168 3326 1344 3377 Romanorum
1365 3338 1436 3389 rege
1507 3256 1509 3411 λ

336 3408 440 3451 creatus
460 3407 486 3450 et
505 3399 635 3464 Byzantio
652 3403 747 3452 missus
768 3403 804 3452 sit
821 3400 848 3450 in
868 3407 971 3465 tempus
999 3407 1124 3466 quantum
1142 3397 1191 3448 ille
1209 3396 1340 3448 statuerit.
1380 3393 1436 3443 hoc

335 3485 401 3522 vero
421 3487 498 3538 quum
519 3473 588 3537 capti
614 3473 682 3538 patri
708 3473 832 3538 Hyrcano
851 3470 962 3522 relatum
986 3478 1057 3522 esset
1078 3485 1132 3520 non
1156 3467 1323 3519 tolerandum
1343 3465 1435 3514 risum

336 3550 394 3605 est,
419 3543 466 3594 sed
491 3543 561 3600 dorni
580 3543 729 3609 perbreve
755 3551 859 3608 tempus
884 3550 987 3592 mortuo
1012 3555 1066 3592 nou
1094 3539 1224 3590 absimilis
1248 3553 1327 3604 quum
1347 3535 1437 3586 filium

336 3621 439 3679 captum
465 3613 571 3681 quidem
595 3628 650 3666 non
675 3629 740 3666 vero
762 3629 776 3664 a
796 3613 891 3681 quibus
916 3615 1019 3681 sciret,
1045 3609 1286 3662 coniectationibns
1305 3615 1333 3657 et
1348 3607 1437 3657 variis

334 3685 548 3752 reputationibus
567 3692 681 3736 mentem
700 3685 851 3736 distrahens
870 3685 914 3735 diu
933 3685 1048 3734 incertae
1076 3698 1155 3733 aures
1174 3680 1312 3731 fluctuanti
1330 3677 1438 3729 rumori
1507 3660 1509 3775 Ι

335 3757 466 3823 praebuit,
488 3757 577 3808 donec
592 3755 744 3808 Phocenses
763 3757 862 3822 piratas
881 3755 964 3806 filium
983 3755 1106 3819 renuisse
1124 3752 1309 3818 comperisset,
1328 3762 1435 3815 eosque
1507 3780 1508 3795 ι

337 3842 396 3878 esse
421 3828 552 3878 Romanos
577 3827 625 3878 sed
653 3843 686 3878 ex
711 3830 854 3892 peregrina
881 3836 908 3878 et
934 3841 991 3896 cum
1017 3824 1136 3876 barbaris
1161 3824 1242 3873 mixta
1260 3830 1341 3872 terra.
1381 3821 1438 3889 iam
1507 3850 1508 3853 =

336 3911 415 3962 quum
435 3913 557 3966 nequeo
584 3899 757 3965 muriaeque
782 3897 970 3948 acontinente
997 3895 1046 3946 filii
1066 3903 1186 3960 raptores
1216 3893 1310 3958 punire
1329 3897 1438 3956 posset,

337 3979 416 4015 uuum
436 3969 577 4036 ord-rogem
597 3985 627 4022 so
647 3970 789 4031 convertit,
811 3976 837 4018 et
853 3968 914 4017 huic
931 3975 1014 4017 totum
1033 3983 1063 4018 se
1083 3967 1222 4018 exanimo
1242 3963 1300 4013 iore
1320 3961 1437 4027 pollici-

337 4043 381 4086 tus
400 4045 441 4087 est
458 4041 569 4090 amicum
591 4048 618 4092 et
644 4055 736 4092 verum
769 4046 796 4090 et
815 4046 961 4104 promptum
993 4037 1139 4088 adiutorem
1167 4038 1195 4086 in
1219 4032 1344 4087 omuibus
1363 4046 1437 4100 qnae

336 4107 461 4170 iuberet,
480 4125 563 4176 seque
591 4112 717 4177 pecunias
735 4111 903 4161 necessarias
922 4111 982 4160 sino
1001 4109 1094 4159 fraude
1111 4107 1268 4167 soluturum,
1287 4103 1367 4153 modo
1389 4102 1437 4152 in.

337 4176 426 4229 felicis
446 4177 495 4228 iiiii
513 4179 697 4232 liberationem
717 4181 917 4232 nancisceretur
933 4181 1010 4246 isque
1028 4180 1079 4230 sihi
1094 4194 1171 4246 quam
1190 4175 1334 4228 celerrime
1352 4174 1437 4226 virus

337 4248 503 4299 redderetur.
540 4264 632 4301 verum
655 4267 686 4300 eo
706 4253 765 4318 ipso
783 4260 904 4318 ternpore
932 4267 1011 4318 quum
1029 4249 1097 4300 nihii
1126 4254 1154 4300 in
1172 4264 1203 4298 re
1222 4246 1271 4298 ilia
1289 4247 1342 4296 ium
1364 4259 1437 4296 eve-

336 4319 433 4385 nisset,
452 4317 548 4372 aecidit
565 4327 594 4372 ut
612 4321 729 4386 hyrcani
750 4321 821 4382 utine
838 4330 903 4376 nutu
924 4321 1009 4375 maior
1027 4322 1179 4385 moriretur,
1198 4332 1277 4388 quem
1296 4316 1346 4370 ille
1367 4330 1437 4370 suc-
