3184 5100
196 355 234 456 ᾗ
266 367 487 435 tusromnx
514 339 772 435 asssumpta
788 372 911 435 xxxv.
924 349 1111 435 26-30.
1185 354 1292 433 489.

163 532 219 597 σόν
241 529 259 595 ό
280 535 368 605 θεῖος
390 531 638 612 Χρυσόστομυς,
662 537 737 615 παρ’
768 529 950 614 ἀνθρώποις
979 530 1129 617 φανέντες
1150 526 1185 593 τό
1206 530 1262 613 τῆς

165 621 288 707 oidelae
311 625 446 717 φόσεως
462 631 688 715 ἀπαστράπτον
702 634 770 717 φῶς
792 632 1004 716 πυρήνοιξιιν·
1048 628 1149 716 ἡγὰρ
1174 631 1263 714 παρά

85 750 86 761 ’
165 733 323 817 πρόθεσις
355 731 541 795 κολαστικόν
562 755 632 796 τινα
656 732 797 795 όεόκνυσι
819 729 936 815 τρόπον
958 732 991 794 ἐν
1011 722 1131 807 τοότοὶς
1151 752 1184 794 τε
1207 728 1262 794 καί

162 841 232 909 τοῖς
255 831 379 916 όμοόοις
398 832 528 910 τούτοις,
551 831 648 897 οἱονεὶ
671 829 1094 916 όιόιποιραπετόσματοςτήν
1109 830 1262 914 ἀλήθειαν

132 932 387 1018 5κρυπτομόνην
416 936 617 1015 συμβολικῶς
647 931 906 1018 όπεμφαόνουσα.
958 929 1006 997 til
1030 932 1085 997 καί
1106 934 1263 1018 παραδει-

90 1043 94 1047 ’
163 1040 306 1117 χθεῖσπν
336 1030 358 1117 ἢ
391 1037 668 1117 παρυνοιχθεῖσιιν
704 1032 869 1108 α’κοόοντες
905 1032 1041 1117 θεόιηια
1079 1030 1134 1095 osia
1167 1029 1263 1115 αὐτὴν

166 1136 296 1219 ἄμέσως
314 1121 447 1216 νοοῦμεν
469 1136 654 1213 δειχθεῖσαν
674 1131 731 1217 τὴν
752 1129 897 1197 όκτιστον
919 1131 1049 1199 οόσιάν·
1108 1131 1190 1199 ἀλλὰ
1211 1130 1264 1197 διὰ

164 1240 223 1320 τῆς
243 1237 333 1319 παρό
351 1238 472 1316 μᾶλλον
493 1233 679 1317 προθέσεως
702 1230 805 1320 ῥᾷστα
829 1234 1107 1319 πυριιιιρουόμεθα
1120 1234 1176 1317 τὴν
1196 1256 1262 1297 τοι-

167 1336 266 1420 αόιην
303 1333 453 1399 ὑπόνοιαν
481 1334 537 1398 καί
566 1333 601 1399 τό
645 1332 760 1399 ἄτοπον
788 1336 932 1399 ἐντεῦθεν
967 1333 1265 1417 συστέλλομενποῦ
1301 1352 1304 1359 ’

115 1422 382 1519 1οτολμόματος,
416 1437 684 1520 συγκατυβόσεως
705 1430 907 1501 εἶναιτοῦτο
932 1437 987 1501 καί
1010 1434 1065 1498 οόκ
1090 1433 1185 1519 αὐτῆς
1208 1436 1264 1519 dp-

166 1540 287 1600 λυτικὰ
305 1537 361 1617 τῆς
383 1534 509 1611 οόσιάς·
560 1534 648 1599 καθὰ
674 1537 730 1601 κοΐ
756 1534 774 1600 ό
804 1540 891 1611 θεῖος
915 1536 1146 1619 Χρυσόστομος
1165 1528 1264 1618 ἑρμη-

166 1635 266 1700 νεόων
299 1632 334 1698 τό
365 1632 448 1719 “a'yoi
480 1633 610 1717 όρόσεις
636 1637 801 1720 ἐπλήθυνιι
830 1636 885 1699 καί
912 1636 945 1698 ἐν
973 1634 1071 1720 χερσὶ
1093 1636 1266 1720 προφητῶν

168 1733 367 1819 ὦμοιόθην,”
388 1737 565 1821 συφκοτέβη
588 1739 685 1823 φησί,
715 1739 770 1802 καί
800 1736 836 1801 οὕ
863 1736 953 1801 τοῦτο
975 1732 1054 1821 όπερ
1086 1730 1125 1819 ἦν
1147 1734 1264 1821 ὲφόνηἱ

167 1826 278 1920 ἐπειδὴ
299 1838 371 1921 γάρ,
395 1839 501 1923 φησίν,
526 1837 655 1919 ἔμελλεν
679 1837 776 1903 αὐτοῦ
798 1836 816 1901 ό
840 1836 909 1929 υἱὸς
932 1834 985 1900 tid
1021 1833 1140 1919 σαρκός
1163 1835 1280 1921 φανή-Ι

118 1942 288 2009 15σεσθαι
315 1938 400 2023 ἡμῖν,
432 1935 556 2003 όνωθεν
590 1939 704 2015 αὐτοὺς
734 1937 971 2024 προεμόμναζεν
1000 1932 1080 2021 όρόιν
1111 1938 1168 2001 τοῦ
1190 1938 1268 2003 θεοῦ

167 2038 225 2122 τὴν
255 2040 367 2104 oderim
400 2038 443 2115 ὥς
477 2040 583 2115 αὐτοῖς
617 2040 759 2105 δυνατόν.
812 2040 868 2103 καί
898 2039 992 2103 πόλιν
1011 2028 1155 2123 “adpro‘’
1188 2037 1278 2124 φησί’

168 2138 396 2225 ι(περιερθιθιετο
427 2139 445 2204 ό
468 2143 551 2218 θεός,
584 2144 636 2205 ἵνα
659 2140 704 2225 μὴ
728 2144 835 2226 γυμνῇ
860 2142 901 2226 τῇ
927 2138 1053 2223 θεότητι
1075 2136 1267 2224 προσβαλών

168 2242 289 2317 πόντος
311 2242 471 2328 ἀπολέσῃ,
503 2240 638 2327 μηθενός
670 2241 850 2324 δυναμένου
873 2238 929 2324 τὴν
951 2238 1123 2324 ἀπρόσιτον
1145 2240 1265 2303 ἐκείνου

167 2344 224 2406 τοῦ
246 2341 351 2428 φωτός
373 2341 555 2426 προσβολὴν
574 2341 736 2427 carpasia?
1291 2420 1297 2431 s

117 2464 159 2518 ρο
271 2444 321 2508 Τὰ
343 2448 371 2510 rl’
394 2442 475 2508 υότόι
495 2446 550 2508 καὶ
572 2443 590 2508 ό
614 2449 715 2519 θεῖος·
727 2443 858 2521 διέξεισι
877 2442 1038 2526 Μάξιμος,
1059 2440 1136 2505 “oria
1157 2442 1191 2537 {a
1210 2442 1266 2525 τῆς
1277 2461 1332 2511 8⁰

169 2544 280 2622 οόσιας
303 2545 400 2610 αὐτοῦ
418 2542 472 2610 τόν
494 2544 586 2612 θεόν’
606 2547 713 2631 λέγων,
728 2544 941 2631 ι(γινώσκομεν
952 2593 960 2622 ,
986 2543 1053 2610 ἀλλ’
1075 2546 1109 2609 ἐκ
1132 2547 1188 2628 τῆς
1205 2566 1263 2627 με-

167 2638 361 2732 γαλουργιάς
391 2652 454 2712 τῶν
474 2628 589 2714 όντων·
636 2645 690 2712 διὰ
722 2645 784 2733 γὰρ
806 2647 924 2720 τούτων
954 2644 997 2722 οἱς
1029 2648 1069 2709 slt'
1101 2646 1264 2729 ἐσόπτρων

720 2945 731 2966 Ι

169 2969 201 3021 ad
221 2967 364 3036 imaginem
383 2970 432 3022 tibi
450 2971 578 3024 inmonts
597 2972 812 3026 demonstratam.
850 2971 988 3042 stringen,
1007 2973 1045 3024 ait
1060 2970 1266 3041 divinuschrp.

170 3047 319 3103 sodomus,
340 3057 418 3108 quum
436 3041 588 3094 hominibus
606 3045 788 3111 apparebant,
808 3043 991 3110 splendentem
1011 3044 1136 3110 propriae
1154 3052 1266 3096 naturae

170 3112 260 3164 lucem
288 3112 473 3176 recluserunt;
497 3130 555 3164 nam
582 3117 747 3182 praepositio
772 3116 857 3168 “sub''
883 3117 1108 3180 circumscriptam
1136 3115 1266 3182 quandam

172 3183 256 3234 eflicit
274 3182 380 3234 dicendi
400 3186 528 3254 rationem
547 3187 574 3235 in
595 3186 635 3236 liis
655 3194 681 3236 et
700 3186 761 3236 aliis
772 3188 901 3239 eiusmodi
913 3187 1102 3247 locutionibus,
1122 3187 1197 3252 quasi
1219 3201 1266 3252 per

171 3254 318 3305 volucrumi
326 3255 455 3306 occultam
477 3258 614 3307 veritatem
625 3259 774 3324 symbolice
786 3258 932 3324 prolatura.
971 3258 1031 3308 ideo
1044 3272 1121 3325 quum
1135 3256 1266 3307 submon-

171 3333 277 3377 stratam
301 3334 328 3376 et
346 3326 513 3392 subaperiam
534 3328 657 3379 deitatem
679 3330 825 3392 audiamus,
845 3345 898 3380 non
919 3331 1001 3394 ipsam
1016 3328 1166 3378 immediate
1186 3342 1265 3378 mon.

171 3405 276 3447 stratam
301 3399 449 3463 cogitamus
468 3400 611 3449 increatam
633 3401 774 3459 essentiam
800 3401 846 3451 sed
867 3416 914 3466 per
935 3399 1160 3466 praepositionem
1181 3397 1264 3449 “sub’'

172 3466 252 3519 facile
271 3469 421 3534 mitigamus
443 3470 522 3520 talem
543 3472 700 3521 sententiam
722 3471 920 3522 ctinsolentiac
936 3470 1128 3521 incommodum
1152 3483 1266 3520 coerce.

171 3542 237 3590 ulus.
274 3539 306 3588 ad
326 3539 479 3590 leniendum
500 3541 564 3591 talia
584 3550 654 3605 sunt,
674 3558 727 3592 non
747 3544 778 3593 ad
799 3543 1050 3608 ipsamsententiam
1071 3539 1263 3606 explicandam.

172 3609 389 3676 quemadmodum
410 3610 516 3662 divinus
538 3613 743 3679 chrysostomus
769 3614 993 3680 interpretaturus
1012 3612 1094 3663 illud:
1126 3611 1265 3679 “equidem

172 3677 265 3730 oculos
284 3679 394 3732 dilatavi
416 3691 442 3732 et
461 3685 648 3748 prophetarum
668 3684 788 3735 manibus
809 3701 850 3734 me
870 3685 1000 3750 figuravi3
1023 3682 1148 3734 descendi
1169 3690 1194 3733 ct
1212 3697 1265 3732 non

171 3750 197 3801 id
215 3750 285 3816 qnod
305 3767 374 3801 eram
394 3755 525 3818 apparui’'
546 3771 624 3821 quum
650 3757 730 3818 enim,
752 3757 848 3822 inquit,
869 3756 940 3807 filius
961 3756 1019 3806 eius
1032 3769 1193 3822 percarnem
1213 3767 1265 3804 no.

170 3822 212 3872 bis
230 3830 382 3895 appareret,
401 3825 515 3875 coelitus
536 3825 670 3877 hominum
690 3820 783 3878 oculo's
804 3829 918 3893 aperuit,
939 3832 969 3875 ut
985 3827 1126 3876 essentiam
1137 3825 1179 3875 dei
1199 3840 1267 3892 qua.

170 3892 224 3944 lem
245 3902 371 3957 poterant
399 3895 530 3947 viderent.
576 3905 602 3948 et
625 3914 733 3949 rursusi
762 3913 884 3962 caraem,
906 3897 1007 3964 inquit,
1027 3897 1113 3947 induit
1131 3897 1211 3958 deus,
1233 3911 1268 3946 nc

167 3963 239 4014 nuda
262 3963 362 4013 deitate
383 3965 515 4037 explicata
532 3983 623 4020 omnes
634 3969 804 4035 deperderet,
825 3970 949 4036 quoniam
967 3983 1046 4019 nemo
1065 3963 1268 4020 inaccessibiles
1352 4009 1354 4012 .

169 4033 242 4086 illius
263 4033 370 4085 luminis
392 4037 479 4088 radios
502 4039 571 4090 icrrc
591 4049 690 4106 potest.
1024 4065 1026 4072 ’
1079 4065 1086 4074 ·

269 4128 340 4180 Idem
362 4130 604 4186 divinusiiuiimus
623 4137 747 4190 disseritz
766 4152 820 4189 non
841 4153 874 4190 ex
894 4137 1009 4188 essentia
1021 4137 1097 4188 deum
1117 4131 1284 4202 cognosci.¹¹

169 4215 235 4263 mus,
253 4201 300 4251 sed
321 4217 355 4252 ex
374 4218 464 4252 rerum
486 4215 634 4258 creatarum
655 4210 872 4276 magnificentia,
893 4207 988 4276 quibus
1008 4207 1082 4276 quasi
1103 4222 1150 4272 per
1168 4220 1268 4274 specu.

169 4271 222 4324 lum
239 4272 368 4325 infinitam
386 4273 536 4329 bonitatem
557 4286 584 4332 et
609 4281 767 4358 sapientiam
787 4288 815 4332 et
833 4282 979 4348 potentiam
1000 4280 1057 4332 eius
1077 4275 1268 4332 animadverti-
