3184 5100
335 413 559 480 ursaoamu
587 409 848 480 nmluurrmu
865 413 961 480 xxv.
983 395 1022 478 b.
1047 396 1086 478 b.
1170 384 1173 388 ’
1212 402 1261 478 25

155 573 240 660 πρὸς
275 573 439 659 ι’διοοτικην
467 577 613 661 ἀφωνίαν
632 574 663 654 ἐξ
685 573 829 656 α’μαθίας
861 575 988 659 μακρᾶς
1006 570 1263 656 συστελλύμινσν,

155 675 243 739 α’λλοὶ
269 683 457 758 πρακτικαῖς
480 663 595 760 ύρμαῖς
620 680 651 752 ἐς
673 672 706 740 τδ
730 669 813 739 πύνυ
837 699 868 740 τι
887 678 1018 756 ἐμμελές
1050 673 1180 760 εύφυῶς
1197 699 1264 750 πισς

155 777 456 860 α’ναρροοννύμενσν.
479 777 516 843 τύ
531 785 559 842 τ’
578 772 634 842 σύν
648 773 729 842 ἄλλα
741 775 876 858 τοῖνδρύς
890 778 1054 857 ἐθαύμαζε
1067 778 1264 860 μεμνημένος

93 907 97 914 ·
155 877 294 958 ἐκείνου,
317 883 373 943 καί
394 871 491 944 ὅτιτὸ
516 877 641 944 οἴεσθαι
658 881 776 946 εἰδέναι
796 883 922 952 πολλοῖς
938 881 994 942 καί
1013 880 1075 942 τῶν
1095 878 1189 942 eattae
1210 877 1265 942 αέ-

131 978 303 1061 5σχύντων
325 977 403 1063 πρός
417 1003 451 1062 με
465 979 500 1044 τό
524 982 641 1045 εἰδέναι
663 982 811 1062 γίνεσθαι
830 976 976 1058 ἐμποδιύν
996 974 1092 1060 ἔλεγε,
1115 982 1169 1042 καί
1180 981 1261 1043 τοῦτ’

157 1077 243 1143 εἶναι
265 1079 392 1155 πάντας
419 1075 434 1143 ὃ
463 1081 578 1162 μικρὸν
604 1074 685 1144 εἶναι
715 1082 829 1142 δοκούν
850 1077 973 1161 μεγύλα
1001 1081 1056 1142 καί
1081 1075 1189 1153 πόλεις
1209 1082 1264 1142 καί

157 1176 268 1252 οἴκους
289 1178 424 1244 δύναται
438 1180 607 1262 βλάπτειν,
635 1177 677 1256 οδς
706 1183 739 1244 ἐκ
759 1183 899 1262 βραχέος
919 1182 1096 1262 σπινθῆρος
1117 1176 1263 1261 σ’ρχύμε-

159 1304 233 1362 νον,
259 1273 300 1342 σύ
321 1279 357 1343 τύ
380 1280 549 1362 νεμόμενον
572 1282 629 1345 σύκ
659 1274 698 1345 ἄν
720 1304 792 1346 ποτε
823 1285 918 1363 σταιή
954 1283 1009 1362 τῆς
1038 1277 1091 1343 du*
1118 1301 1267 1362 νεωτερι-

159 1379 279 1466 ζούσης
303 1380 422 1465 φλογός
442 1386 645 1468 κινουμένης,
675 1379 768 1446 ύπύτε
792 1385 952 1465 τραπέζης
973 1379 1137 1466 ῥαστώνην
1168 1378 1265 1462 ἤτῆς

121 1499 150 1553 10
160 1475 239 1565 ύλης
261 1482 376 1560 δίδοται
397 1487 593 1548 πολυτέλεια.
637 1486 783 1549 ἐντεῦθεν
809 1479 882 1565 ύριοι
910 1479 1098 1570 ῥιπτούνται
1122 1482 1266 1562 πατρίων

160 1581 310 1661 κανόνων,
335 1582 648 1665 πατούνταιθεσμύ,
676 1587 731 1649 καί
760 1583 819 1647 uria
842 1581 927 1648 ἐστιν
951 1584 1045 1646 ου’δέν
1075 1579 1139 1647 τῶν
1159 1587 1266 1647 καλῶν
1316 1581 1321 1588 ’

162 1675 179 1742 ὃ
200 1679 339 1746 δύναται
360 1689 466 1765 μένειν
487 1679 608 1763 ἓστύς,
633 1685 687 1750 καί
708 1678 752 1749 αδ
775 1685 834 1750 σύκ
854 1682 938 1750 ἔστιν
959 1682 1053 1748 ούδέν
1074 1687 1139 1746 τῶν
1161 1686 1265 1748 κακύν

162 1779 180 1845 δ
201 1782 248 1866 μὴ
273 1782 409 1848 δύναται
433 1784 491 1869 την
515 1786 669 1872 ἀλήθειαν
686 1789 901 1872 ἐξορχεῖσθαι.
944 1789 1106 1867 μοναρχία
1127 1788 1189 1866 μὲν
1209 1777 1267 1852 σύν

163 1881 298 1967 οἰήσεως
320 1885 493 1976 αύτονομίρ
516 1892 771 1973 στρατηγουμένη
798 1889 853 1951 καί
871 1886 997 1969 γνιύμης
1018 1888 1141 1968 ὀρέξεσι
1162 1887 1269 1968 δημα-

124 1990 347 2071 15γονγουμένη
373 1987 407 2051 τί
423 1991 483 2068 μὲν
507 1983 545 2051 ἐν
577 1995 640 2054 τεέν
666 1987 874 2072 ὑγιαινόντων
903 1985 1095 2071 ἐργάσαιτο,
1128 1988 1209 2058 τίνος
1238 1985 1267 2048 δ’
1372 2006 1376 2010 “

163 2087 332 2170 α’πύσχοιτ’
366 2083 405 2152 ἐν
433 2093 496 2153 τιδν
519 2091 727 2174 ἐρεθιζύντοιν
757 2090 810 2156 ἐπί
831 2089 870 2152 τύ
891 2092 1009 2173 χει’ροο;
1040 2089 1159 2152 πολλσύ
1177 2089 1267 2167 μέντ’

163 2180 202 2251 ἐν
228 2180 354 2271 δεήσειε
374 2185 537 2268 σώζεσθαι
558 2187 616 2275 τη“ν
635 2197 796 2256 πολιτείαν
826 2193 955 2276 ἐκείνην,
977 2190 1032 2253 καί
1050 2187 1097 2274 μη
1119 2185 1266 2266 καθάπερ

162 2289 373 2372 ἀκυβέρνητον
405 2297 513 2355 πλοῖον
535 2292 729 2366 διαποντίσις
749 2297 889 2374 χειμῶσι
921 2289 998 2374 πρὸς
1019 2289 1092 2366 τούς
1113 2288 1270 2375 ἐσχάτους

164 2386 331 2465 κινδύνους
351 2387 562 2474 ἐλαύνεσθαι,
584 2395 677 2456 τούτο
692 2392 729 2477 δὴ
752 2392 787 2456 τύ
810 2397 865 2476 τῆς
878 2395 1063 2472 Βυζαντίαν
1083 2391 1165 2458 ἴδιον
1187 2384 1271 2458 διοι-

126 2500 156 2555 2⁰
165 2495 221 2555 θεν
234 2489 279 2568 ὥς
300 2489 338 2556 τύ
360 2489 459 2555 πολλὰ
484 2495 656 2569 πολιτείας.
702 2498 756 2559 καί
772 2494 830 2557 ούκ
852 2495 997 2574 ὀνειδίζω
1012 2497 1110 2578 λέγων
1132 2490 1190 2572 τύς
1209 2491 1269 2558 τύ-

166 2618 227 2676 χας
251 2592 370 2674 ἁπλοῖς,
393 2592 463 2658 ἀλλ’
484 2589 532 2658 δτι
556 2592 609 2659 διὰ
632 2598 725 2661 τοῦτο
748 2599 804 2660 καί
823 2600 949 2671 πλείους
973 2600 1162 2673 σκοποῦντες
1184 2588 1270 2660 ἐνοτ-

167 2882 248 2936 valde
267 2881 446 2935 admirabatur
470 2882 504 2935 ob
522 2883 652 2937 naturalis
660 2884 817 2952 prudentiae
836 2885 941 2953 copiam
960 2900 1019 2937 cum
1038 2885 1171 2954 gravitate
1189 2893 1270 2955 atque

168 2954 318 3007 constantia
344 2954 531 3020 coniunctam,
558 2964 588 3007 ut
611 2971 665 3007 non
693 2956 774 3008 facilc
799 2956 832 3009 ad
856 2957 1070 3024 intempestivam
1099 2957 1270 3010 ambitionem

169 3024 380 3094 compelleretur
399 3041 571 3095 aequavero
591 3028 624 3079 ad
644 3028 734 3079 rudem
754 3029 884 3096 quandam
904 3037 984 3097 atque
1003 3027 1131 3081 incultam
1154 3032 1269 3083 tacitur-

167 3100 277 3151 nitatem
296 3105 406 3164 proptcr
424 3112 545 3166 magnam
566 3099 698 3151 inscitiam
717 3100 907 3163 domitorem,
927 3100 975 3151 sed
991 3116 1080 3152 rerum
1107 3116 1158 3151 usu
1176 3102 1268 3155 arma.

168 3179 208 3221 tus
227 3170 443 3220 convenientiam
464 3170 592 3237 quandam
618 3171 753 3222 admodum
779 3172 903 3223 decoram
929 3186 993 3238 prae
1020 3186 1051 3222 sc
1075 3172 1166 3223 ferret.
1213 3167 1272 3224 ma.

170 3244 240 3293 xime
260 3254 339 3304 vero,
359 3256 438 3309 quum
459 3240 537 3292 buius
557 3243 608 3293 viri
628 3243 788 3293 mentionem
810 3231 922 3306 faceret‘,
942 3242 994 3293 boc
1012 3243 1110 3293 dictum
1138 3243 1197 3294 eius
1221 3245 1271 3295 sd.

169 3311 328 3365 mirabatur:
347 3310 437 3363 multis
457 3312 607 3364 bominibus
627 3314 714 3381 lisque
733 3313 835 3383 alioqui
853 3329 909 3366 non
934 3314 1272 3382 imprudentissimis,quod

170 3402 198 3437 se
217 3386 288 3437 scire
312 3383 514 3447 arbitrarentur,
535 3384 675 3451 idipsum,
696 3388 836 3453 quominus
855 3386 965 3448 coirent,
986 3385 1175 3452 impedimento
1195 3402 1272 3449 esso;

171 3456 221 3507 bcc
240 3455 346 3523 quidem
367 3454 430 3506 leve
450 3455 546 3520 videri,
566 3465 681 3507 attamen
700 3470 794 3525 magna
814 3458 981 3509 incommoda
1000 3465 1027 3508 et
1045 3456 1153 3508 urbibus
1174 3466 1201 3510 et
1219 3458 1271 3509 do.

170 3527 255 3597 mibus
275 3524 411 3577 lacessere
431 3540 511 3592 posse
530 3526 615 3579 veluti
636 3535 662 3577 et
680 3527 829 3580 scintillula
850 3537 980 3592 exortum,
1000 3543 1069 3595 quae
1087 3529 1271 3589 incendious.

172 3615 221 3667 que
240 3596 419 3649 insolentiorc
440 3600 601 3649 exsuscituto
620 3612 674 3649 non
693 3600 831 3651 desineret
848 3601 937 3651 omnis
955 3600 1111 3665 depascere,
1130 3598 1208 3650 simul
1229 3607 1272 3650 at-

172 3686 222 3738 que
241 3670 369 3720 materiae
399 3668 473 3736 larga
497 3671 574 3736 copia
602 3668 682 3721 facile
709 3672 897 3722 nutrimentum
924 3670 1145 3721 subministraret.
1183 3670 1271 3736 „inde,
1367 3710 1375 3714 -
1411 3710 1417 3723 ,

173 3742 268 3809 inquit,
286 3739 399 3807 regulae
418 3747 499 3807 atque
516 3756 625 3792 normae
644 3756 660 3791 a
678 3742 797 3808 patribus
817 3743 978 3793 constitutae
997 3740 1175 3805 disiiciuntur,
1194 3741 1272 3811 leges

175 3811 363 3880 proculcantur
386 3810 510 3879 nihilque
530 3821 571 3864 est
590 3812 653 3863 boni
672 3822 751 3881 atque
771 3814 897 3876 bonesti,
917 3812 988 3879 quod
1006 3826 1055 3863 suo
1075 3819 1145 3863 statu
1163 3828 1272 3865 manere

175 3884 275 3953 possit,
294 3882 362 3935 nibil
387 3882 450 3933 mali
475 3892 556 3951 atque
582 3883 695 3949 improbi
723 3885 793 3952 quod
821 3884 964 3935 ueritatem
991 3882 1122 3935 insultare
1146 3892 1271 3952 nequest.

176 3969 286 4023 reguum
306 3956 389 4022 igitur
409 3956 544 4020 opinionis
563 3955 673 4005 licentia
692 3956 868 4023 gubernatum
888 3954 1191 4007 etarbitriilibidinibus
1210 3957 1273 4025 agi-

177 4034 257 4079 tatum
274 4056 309 4069 -
327 4028 390 4093 quid
411 4024 482 4093 lrugi
502 4024 605 4078 laciet‘i
624 4040 675 4093 qua
694 4043 723 4077 re
742 4024 897 4090 abstinebit,
917 4042 986 4093 quae
1003 4027 1036 4077 ad
1053 4027 1146 4093 peiora
1160 4027 1273 4079 incitare
1355 4036 1358 4038 ’

177 4096 281 4165 possit?
301 4104 403 4149 tantum
422 4096 507 4162 abest,
531 4106 559 4149 nt
575 4096 637 4148 talis
657 4098 752 4149 civitas
772 4096 849 4149 salva
867 4106 948 4166 atque
965 4096 1108 4149 incolumis
1127 4113 1188 4149 esse
1206 4112 1273 4165 pos.

181 4172 220 4234 sit,
236 4176 265 4221 ut
284 4168 373 4220 veluti
391 4168 469 4220 navis
488 4171 546 4221 sine
568 4168 749 4236 gubernatore
768 4169 849 4220 maris
875 4169 1078 4237 tempestatibus
1103 4169 1130 4219 in
1155 4176 1273 4220 extrema

184 4240 334 4291 discrimina
356 4240 559 4307 praecipitetur.
580 4240 647 4291 baec
666 4255 732 4291 vero
752 4240 862 4308 propria
880 4248 921 4293 cst
939 4240 1058 4291 conditio
1082 4240 1199 4291 ciuitatis
1217 4238 1275 4304 By.

183 4312 303 4365 candace
322 4311 385 4368 iude
404 4324 489 4383 usque
516 4328 549 4369 ea
575 4312 758 4378 superioribus
783 4310 957 4384 temporibus.
999 4326 1088 4380 neque
1114 4324 1180 4363 vero
1206 4310 1275 4361 banc
