3184 5100
330 352 432 436 aia
630 346 858 430 urcmnonr
892 354 1122 425 euueouta

328 535 449 616 χρῆναι
474 529 607 610 νομίζω,
628 526 688 591 τού
707 523 746 591 τοὶ
770 521 893 607 κρυπτὰ
924 526 1100 609 ἐφορῶντος
1130 522 1208 582 θεοῦ
1222 515 1432 600 γινώσκοντος

330 634 480 715 α’κριβῶς.
535 624 621 710 ὅμως
658 629 728 691 ε’πεί
749 628 897 714 θειοτέρα
925 624 1026 711 βουλῇ
1052 618 1107 686 τὸν
1133 617 1280 707 πάτρῴόν
1302 640 1353 681 σοι
1376 618 1433 697 τῆς

329 738 508 817 μοναρχίας
530 730 705 816 ἀνείληφας
721 732 847 812 κλῆρον,
870 720 1058 808 οδβασιλεῦ,
1080 723 1135 787 καί
1156 714 1224 802 ίίμα
1250 718 1333 801 ἡμᾶς
1356 718 1434 782 α’νε-

329 835 554 912 πεπνεύκειμεν
586 829 693 915 βραχύ
727 832 781 892 κατ’
811 824 886 893 ὅσον
920 822 962 909 μὴ
986 830 1023 911 τῇ
1054 825 1202 908 συνεχείᾳ
1234 823 1295 885 τῶν
1318 820 1433 881 δεινῶν

330 930 583 1019 α’πηγορευκότας
607 935 766 1014 προέσθαι
789 926 824 991 τὸ
842 931 909 1011 ζῆν,
933 930 987 990 κατ’
1004 924 1037 990 αἱ
1058 927 1119 991 τῶν
1135 918 1356 1009 ψηφισμάτων
1380 916 1436 981 καί
1443 948 1459 999 5

330 1035 557 1121 τομογριιφιῶν
590 1037 715 1098 ἐκείνων
748 1032 874 1113 κηλῖδος
898 1033 953 1094 καί
970 1028 1061 1111 κῆρες
1092 1017 1166 1109 ἧκον
1187 1024 1262 1109 ἡμῖν
1283 1021 1329 1095 εἷς
1355 1009 1435 1103 ὄψιν

331 1140 385 1200 κατ’
406 1132 512 1218 α’κοην,
534 1133 672 1217 ἔγνωμεν
694 1124 755 1215 ἤδη
779 1136 891 1216 σαφῶς
906 1130 960 1193 καί
979 1127 1036 1202 τὰς
1058 1132 1125 1191 ἐκεῖ
1140 1124 1358 1210 βλασφημίας,
1380 1122 1437 1183 καί

332 1232 409 1311 ὅσας
431 1239 494 1299 τῶν
515 1237 612 1299 θείων
632 1238 766 1317 γραφῶν
790 1230 848 1307 τοὶς
872 1228 1024 1311 διαβολὰς
1046 1231 1239 1310 καταχέουσι
1260 1227 1315 1288 καί
1335 1247 1435 1287 συκο-

332 1340 480 1422 φαντίας.
524 1335 692 1417 ἀναγκαῖον
709 1326 767 1395 orie
784 1334 903 1395 ἐκεῖνον
918 1324 979 1415 ἤδη
1002 1330 1236 1412 πρυενεχθῆνοιι
1258 1326 1313 1390 τὸν
1335 1323 1435 1406 τόμον

331 1438 377 1510 είς
397 1440 506 1517 μέσον,
528 1438 579 1499 ἵνα
599 1434 643 1517 μη
658 1431 760 1517 μα’τηυ
782 1434 837 1497 καί
858 1434 902 1507 είς
918 1431 1006 1496 κενὸν
1028 1430 1043 1495 ὅ
1069 1428 1186 1513 δρόμος
1208 1428 1280 1513 ἡμῖν
1303 1424 1433 1513 ὑπάρχῃ
1447 1457 1479 1510 10

331 1539 387 1601 τού
411 1539 502 1618 λόγου
524 1538 683 1620 μηδεμιίιν
705 1533 788 1617 ἔχων
811 1537 948 1620 κρηπῖδα
975 1534 1029 1598 καί
1050 1532 1174 1616 βάσιν.”’
1250 1604 1255 1619 ¹

297 1648 320 1698 8
428 1637 464 1704 Ὁ
485 1640 520 1701 δὲ
540 1633 691 1718 βασιλεύς
721 1635 802 1699 “oria
834 1636 927 1721 ἔργου
960 1635 1046 1714 τινὸς
1066 1638 1208 1709 ἐντελοῦς
1237 1638 1269 1698 ἒν
1296 1636 1339 1721 τῷ
1362 1624 1436 1715 ἇρτι

335 1736 508 1823 ζητούμεν”
546 1736 609 1822 ἔφη
625 1734 863 1818 “κατα’στασιν,
897 1737 976 1802 α’λλδ
1007 1738 1151 1821 γνώσεως
1179 1732 1275 1799 οίονεί
1302 1732 1437 1817 τυπικῆς

335 1841 390 1906 καί
412 1837 568 1915 οκιῶδους
599 1837 672 1922 ἴχνη
704 1837 758 1902 καί
784 1837 1007 1923 ὑπομνήματα.
1051 1829 1071 1923 ἦ
1102 1837 1164 1921 γῶρ
1195 1830 1234 1899 ῶν
1257 1832 1437 1900 ἐπισκόπων

335 1947 390 2008 καί
420 1947 625 2027 πατριαρχῶν
651 1938 731 2022 ὁμοῦ
760 1940 814 2005 καί
841 1943 1061 2025 πρεσβυτέρων
1096 1937 1270 2023 συνήγομεν
1298 1942 1436 2020 θέατρα,
1449 1956 1480 2008 15
1507 1934 1508 2001 f

313 2047 391 2108 ’καί
411 2047 466 2107 ούκ
488 2046 521 2107 ἐν
535 2041 733 2132 παραβύστῳ
755 2046 917 2132 καίγωνίρι
936 2039 971 2106 τὸ
986 2045 1115 2125 πρᾶγμα
1140 2041 1214 2123 ἡμῖν
1236 2038 1438 2112 ούτωσίπως

337 2148 480 2209 ἐτελεῖτο.
524 2141 613 2208 ἔσται
638 2148 666 2207 δ’
688 2140 745 2207 οὖν
769 2140 854 2225 ὅμως
884 2143 1006 2206 κοίκεῖνο
1036 2140 1114 2207 κατὰ
1142 2138 1195 2205 τὸν
1223 2142 1333 2203 δέοντα
1354 2137 1440 2221 χρό-
1508 2178 1509 2233 t

202 2245 417 2331 p,134r,vov.”
459 2242 631 2327 ύπολαβῶν
653 2237 710 2308 ούν
735 2244 751 2307 ὁ
772 2248 937 2325 Παλαμοῖς
960 2245 1004 2317 εἰς
1025 2240 1188 2325 Βαρλαᾶμ
1212 2239 1339 2323 α’νάγειν
1362 2237 1439 2303 ἐπε·
1508 2238 1509 2241 ’

293 2425 299 2433 ι
335 2348 438 2429 χείρει
459 2345 515 2411 τὸν
538 2345 639 2428 λόγον,
660 2351 715 2411 καί
733 2342 889 2409 δεικνύειν
911 2343 950 2409 τοὶ
972 2348 1072 2423 ζῶντα
1095 2348 1128 2408 ἐκ
1151 2349 1213 2409 τῶν
1232 2345 1359 2425 νεκρῶν.
1382 2338 1439 2403 ἐκ·

338 2451 526 2529 κέκρουσται
548 2448 583 2510 tt
603 2447 691 2526 πρὸς·
706 2448 763 2510 τού
775 2448 805 2509 Γ
804 2451 931 2531 ρηγορᾶ,
951 2448 995 2521 εἰς
1016 2444 1050 2510 τύ
1075 2445 1197 2531 α’φανὲς
1221 2439 1438 2530 καταφεύγων,
1448 2455 1483 2511 20
1509 2432 1510 2453 ¹

337 2548 460 2629 παρόν,
490 2543 513 2610 ff
541 2543 601 2657 πρρλ
626 2546 824 2633 ὀφθαλμῶν,
855 2548 979 2625 τούτοις
1001 2553 1179 2632 κεχρῆσθαι
1200 2547 1279 2632 πρὸς
1299 2543 1355 2629 τὴν
1375 2573 1445 2641 πα-ι

337 2651 459 2731 ροῦσαν
481 2651 603 2731 χρείαν.
647 2647 696 2711 διδ
722 2654 777 2712 καί
794 2649 875 2731 πρὸς
896 2645 1009 2733 ἑτέραν
1025 2645 1221 2734 τραπόμενος
1243 2644 1281 2713 τά
1303 2672 1336 2713 τε
1358 2643 1439 2714 ἄλλα

339 2748 562 2835 ε’πολυλόγησε,
587 2752 644 2814 καί
663 2744 730 2832 ἅμα
752 2753 949 2836 κατέδραμεν
974 2749 1007 2818 εἴ
1026 2774 1107 2826 τινες
1131 2743 1193 2815 εἶεν
1216 2745 1246 2814 οἱ
1265 2749 1321 2834 τὴν
1343 2749 1439 2813 θείαν

339 3053 407 3102 mus,
427 3038 592 3090 committere
612 3039 720 3093 auribus
741 3039 876 3092 hominum
892 3041 999 3092 omnino
1018 3055 1073 3092 non
1091 3054 1205 3092 necesse
1217 3046 1292 3106 puto,
1311 3037 1373 3103 deo,
1394 3034 1440 3106 qui

249 3136 251 3145 =
340 3110 430 3162 oculta
448 3111 653 3176 animadvertit,
684 3111 750 3163 baec
770 3121 895 3166 accurate
923 3113 1113 3179 perspiciente.
1150 3119 1317 3162 tamencum
1337 3109 1440 3162 volun-

340 3190 396 3234 tate
413 3182 514 3246 divina,
534 3184 687 3249 imperator,
708 3187 819 3250 patriam
840 3193 910 3236 tuum
928 3185 1034 3251 imperii
1053 3191 1152 3236 sortem
1171 3183 1323 3249 susceperis
1342 3180 1441 3234 simul.

341 3269 394 3321 que
411 3268 460 3304 nos
480 3253 655 3306 refecerimus
675 3255 811 3322 paululum
838 3258 883 3322 qui
908 3256 1110 3321 perseverantia
1139 3253 1320 3322 periculorum
1339 3253 1441 3305 defnti.

340 3327 396 3393 peti
415 3326 496 3376 vitam
517 3340 571 3376 non
590 3326 776 3389 abiecerimus‚
796 3343 909 3395 cumque
926 3328 1093 3379 decretorum
1113 3335 1139 3378 et
1154 3326 1319 3378 voluminum
1331 3324 1441 3376 iliorum

264 3421 270 3433 ν
340 3396 462 3448 maculae
481 3404 508 3447 et
527 3398 609 3448 exitia
628 3399 656 3448 in
676 3406 847 3464 conspectum
867 3398 944 3448 nobis
965 3399 1109 3450 inciderint
1133 3406 1160 3448 et
1179 3398 1274 3449 famam
1293 3397 1344 3448 iam
1366 3395 1441 3446 clare

341 3469 557 3535 perspexerimus
585 3477 612 3519 et
630 3471 754 3520 convicia
778 3471 829 3520 ista
857 3478 883 3520 et
908 3485 1080 3537 quascunque
1106 3478 1199 3522 eontra
1224 3468 1308 3520 fibros
1334 3468 1441 3520 divinos

341 3540 552 3592 obtrectationes
570 3539 705 3608 falsasque
725 3541 926 3592 criminationes
947 3541 1097 3593 effundunt:
1126 3556 1250 3610 necesse
1265 3541 1347 3610 igitur
1372 3537 1443 3588 illud

341 3611 469 3664 volumen
496 3613 548 3662 ianr
573 3612 724 3677 proferatur
748 3613 776 3661 in
794 3614 928 3676 medium,
946 3628 981 3664 ue
1006 3614 1091 3663 oratio
1119 3621 1212 3664 nostra
1230 3621 1331 3664 temero
1351 3618 1378 3660 et
1396 3610 1442 3660 in-

341 3699 445 3735 cessum
469 3684 605 3750 procedat,
627 3683 730 3734 nulium
752 3683 852 3736 babens
872 3685 980 3736 fundum
1001 3685 1260 3752 fundamentumque.

326 3825 328 3830 ,
440 3772 503 3824 Tum
522 3788 589 3824 rex:
619 3788 673 3823 non
694 3773 801 3838 operis,
820 3774 921 3839 inquit,
943 3773 1058 3839 perfecti
1076 3775 1103 3824 in
1126 3774 1260 3840 praesenti
1280 3774 1442 3842 requirimus

342 3844 583 3908 compositionem
600 3846 647 3895 sed
668 3845 806 3895 doetrinae
826 3854 948 3911 tanquam
968 3845 1132 3910 symbolicae
1159 3854 1186 3896 et
1205 3847 1334 3897 obscurae
1353 3845 1443 3896 vesti-

344 3914 389 3981 gia
411 3921 438 3963 et
456 3916 542 3981 signu.
579 3916 701 3982 profecto
722 3918 791 3966 enim
820 3917 1037 3982 presbyterorum
1067 3931 1191 3967 coronam
1214 3916 1441 3968 convocabamus:

341 3999 430 4051 neque
453 3999 519 4036 vero
539 3987 567 4036 in
585 3996 690 4037 secreto
711 3997 737 4039 et
755 4004 865 4040 recessu
885 4003 928 4038 res
946 3989 1024 4039 nobis
1047 3988 1103 4039 ullo
1123 3991 1200 4040 modo
1224 3988 1442 4054 componebatur,

342 4063 517 4121 componetur
535 4065 623 4108 tumen
641 4060 710 4109 iusto
730 4068 860 4126 tempore.
900 4062 942 4110 cui
960 4061 1082 4111 referens
1095 4060 1213 4112 Pelamas
1234 4063 1261 4111 in
1274 4060 1444 4111 Rarioamum

342 4135 504 4178 convertere
533 4129 678 4180 conabatur
706 4147 854 4182 sermonem
878 4133 941 4184 viva
970 4147 1004 4182 ex
1028 4134 1140 4185 mortuis
1165 4135 1358 4184 demonstrare.
1397 4130 1445 4182 sed

341 4199 460 4250 reiectus
490 4206 531 4249 est
557 4215 607 4266 per
633 4203 777 4269 Gregoram
805 4219 863 4254 eum
889 4205 922 4254 ad
949 4219 992 4254 res
1019 4205 1144 4256 obscuras
1172 4206 1345 4274 confugeret:
1374 4201 1446 4269 quod

249 4283 255 4294 ‘
342 4269 440 4326 liceret
458 4278 520 4322 ante
541 4271 635 4326 oculos
654 4275 743 4340 posita
759 4275 792 4326 ad
812 4291 917 4328 eausam
930 4285 1098 4344 praesentem
1112 4277 1254 4330 adbibere:
1274 4274 1446 4346 quamobrem
