3184 5100
320 429 395 505 too
490 426 530 531 J·
613 417 851 501 'ormnem
888 424 1119 496 cuneorum

321 595 402 679 πρδς
422 593 481 679 την
502 590 580 679 δγιᾶ
599 600 807 677 συμπέπτωκε
830 596 1045 677 θεογνωσέαν,
1080 593 1134 655 ἵνα
1169 585 1289 671 δηλαδὴ
1319 584 1374 650 καὶ
1404 584 1420 649 δ

321 694 383 779 πρό
408 699 547 779 βραχέος
574 699 691 771 ἐκεῖνος
724 696 884 782 πεμφθείς
911 693 968 757 εἶπ’
998 692 1105 755 αδταῖν
1135 686 1215 753 κατὰ
1239 690 1302 751 τῶν
1324 684 1357 751 ἐν
1380 688 1421 773 τῷ

324 789 394 882 ὄρει
414 796 515 885 τούτῳ
536 792 790 871 ἓαλωκδτωνέω
823 793 1002 881 αὐτοφώρῳ
1026 792 1250 856 Μασαλιανσῖν
1279 790 1334 850 καί
1355 792 1422 851 Βο-

321 889 461 981 γομιλων
482 895 580 979 τόμος
600 896 853 982 θεατρικιδτερσς
876 898 1013 978 γένηται,
1039 895 1095 957 καί
1117 890 1191 954 πᾶσι
1215 892 1344 976 γνωσθῇ
1366 892 1423 971 τῆς

322 1002 374 1086 ἐφ’
395 995 479 1063 οδτω
500 1003 582 1082 μέγα
610 1002 721 1074 κακίας
743 996 1030 1081 ἀναρριπισθείσης
1052 990 1204 1075 αἱρέσεως
1218 989 1248 1077 ἦ
1272 988 1355 1075 ῥιζα.
1431 1012 1448 1064 5

255 1116 312 1170 n
422 1097 581 1183 Μοναχὸς
600 1096 662 1182 γάρ
688 1123 737 1174 τις
759 1102 821 1162 ταῖν
841 1100 882 1185 τῷ
902 1096 1046 1183 Σκορπέῳ
1077 1094 1179 1181 τούτῳ
1203 1088 1423 1176 δπηρετουμέ-

321 1227 394 1283 νων,
416 1203 587 1284 τοδπέκλην
600 1197 798 1283 Βαρδδριος,
820 1197 962 1269 θανάτου
978 1201 1094 1279 γείτονι
1111 1195 1244 1275 κάτοχος
1260 1187 1321 1275 ἤδη
1343 1189 1422 1280 νόσῳ

320 1302 508 1389 γενόμενος,
541 1299 642 1365 ἔκειτο
672 1301 799 1380 κάμνων
830 1301 886 1363 καί
912 1303 1045 1379 μοριάις
1075 1290 1228 1379 ἀλγηδόσι
1257 1291 1293 1356 τὸ
1328 1296 1422 1375 σῶμα

323 1401 530 1484 κεντούμενος
553 1399 651 1467 ἅπαν.
708 1398 818 1465 ἔπειτα
840 1400 891 1485 ἐφ’
913 1394 1003 1473 ὅλαις
1025 1397 1160 1482 ἡμέραις
1194 1394 1293 1462 εἴκοσι
1316 1389 1424 1469 δαιτός

322 1529 357 1570 τε
379 1503 432 1569 καί
454 1496 570 1577 δποτος
599 1504 764 1584 διαμείνας
785 1494 915 1586 ἄφωνος
934 1497 1051 1580 ἔκειτο,
1081 1501 1196 1563 πνέωνι
1205 1496 1362 1581 ὁσημέραι
1383 1494 1421 1560 τδ
1434 1510 1466 1563 10

314 1595 464 1670 λοίσθια.
507 1604 564 1668 oria
599 1601 733 1687 ἔθνησκε
756 1604 810 1682 δέ,
839 1599 921 1665 α’λλδ
955 1602 990 1665 τό
1012 1624 1045 1665 τε
1065 1603 1161 1681 σῶμα
1183 1596 1345 1680 ἐξώγκωτο
1370 1597 1425 1661 καί

324 1710 434 1790 μακροί
454 1730 503 1781 τις
527 1708 671 1791 έπεχδθη
691 1707 733 1793 τῳ
750 1704 906 1791 προσώπῳ
927 1700 1115 1783 μελάνωσις.
1160 1694 1222 1783 einp}
1245 1704 1280 1765 δέ
1303 1703 1346 1787 τῷ
1370 1702 1425 1764 τοῦ

322 1810 509 1892 πράγματος
529 1805 698 1895 παραδόξῳ
723 1808 972 1887 καταπλαγέντες
995 1800 1023 1867 οἱ
1047 1808 1101 1887 τῆς
1127 1805 1226 1886 μονῆς
1246 1804 1316 1865 ἐκεῖ
1330 1823 1427 1883 προτ-
1492 1894 1496 1905 Ι

323 1908 490 1991 δρεδοντες
511 1899 623 1992 ἤροντο
642 1908 687 1992 μή
710 1932 740 1971 τι
763 1910 826 1971 τοῖν
855 1907 942 1992 αὐτῷ
966 1908 1254 1990 πλημμεληθέντων
1275 1900 1427 1985 σ’νεξαγδ-

323 2033 434 2094 ρευτον
445 2008 647 2091 ε’νθαλδμσις
662 2005 782 2096 κρδπτη
795 2008 940 2091 καρδίας,
962 2002 1083 2068 κᾶπειτ’
1101 2004 1201 2068 careri
1219 2002 1390 2086 κηδόμενος
1410 2000 1468 2069 615

325 2110 402 2184 θεὸς
418 2112 474 2173 oria
495 2113 532 2198 ἐᾷ
545 2112 587 2198 τῳ
609 2110 725 2196 αι’ωνέῳ
743 2107 883 2173 θανόντα
898 2110 1033 2189 δοθῆναι
1049 2106 1136 2189 παρέ.
1162 2100 1180 2167 δ
1195 2106 1229 2169 δὲ
1244 2104 1351 2179 συνεὶς
1373 2107 1428 2167 καί

325 2211 441 2290 μικρὸν
464 2207 579 2293 διάρας
607 2210 681 2286 τοὺς
710 2208 903 2294 ὀφθαλμούς
935 2206 1050 2285 βύθιον
1072 2204 1237 2293 supinate,
1260 2208 1316 2269 καί
1334 2202 1427 2285 μόλις

165 2340 167 2344 ·
193 2331 283 2389 ς13ο
293 2348 316 2387 f,
326 2309 456 2394 κινήσας
478 2307 538 2392 τὴν
557 2313 698 2392 γλῶτταν
718 2310 827 2373 τοιάδε
852 2312 959 2393 φησέν.
997 2303 1094 2373 ι’ἴστε
1122 2306 1180 2389 τὴν
1212 2304 1272 2390 πρὸ
1295 2305 1437 2370 δσσκαιέ.

327 2413 402 2473 δεκα
424 2408 503 2475 έττὸν
526 2414 682 2475 ε’νταοθοῖ
697 2413 868 2493 γενομένην
899 2407 1033 2473 σδνσδον
1049 2412 1111 2473 τῶν
1140 2412 1174 2472 ἐν
1195 2410 1238 2494 τῷ
1259 2400 1328 2491 ὄρει
1348 2409 1427 2496 τῳδε

328 2502 463 2596 ἀνδρῶν,
507 2509 577 2577 τότε
599 2514 704 2577 τοένον
722 2511 974 2588 ὑποπτευθέντος
996 2514 1052 2577 καί
1071 2514 1128 2600 τον
1151 2514 1320 2596 Σκορπέοο,
1345 2510 1470 2591 epm-20

327 2618 439 2698 τηθεδς
461 2610 522 2695 ε’γαδ
536 2615 568 2678 εἶ
586 2615 718 2678 σδνσιδα
740 2613 828 2700 αὐτῷ
842 2617 980 2699 κοινωνῷ
1001 2619 1157 2702 γενομένῳ
1171 2621 1237 2688 τοῖς
1257 2614 1427 2697 τηνικαῦτα

328 2713 444 2778 stodor
467 2717 694 2790 Μασαλιανοΐς
713 2712 775 2802 ,καὶ
801 2715 992 2798 Βογομίλοις
1014 2717 1177 2798 ἐνταῦθα,
1200 2710 1330 2800 ἔξαρνος
1357 2713 1428 2795 έγε-

642 2837 657 2866 0

330 3045 388 3083 rum
408 3037 436 3081 et
450 3029 546 3084 missus
566 3029 615 3083 ille
646 3031 728 3098 paulo
746 3042 809 3086 ante
827 3033 860 3086 ab
891 3034 925 3087 iis
945 3043 1038 3088 contra
1062 3034 1184 3090 homines
1207 3037 1236 3088 iu
1262 3045 1353 3089 monto
1375 3037 1427 3089 hoc

330 3101 513 3168 deprehensos
536 3103 565 3153 in
592 3103 651 3170 ipso
680 3104 751 3156 furto
770 3105 938 3159 Massiliam
964 3114 991 3158 et
1015 3106 1170 3174 Bogomilos
1194 3117 1280 3162 toruus
1299 3108 1429 3161 libri'fiat

331 3174 455 3239 inspectu
474 3174 581 3242 dignior
611 3182 638 3225 et
654 3175 688 3227 ab
707 3177 829 3228 omnibus
849 3185 1028 3246 cognoscatur
1055 3177 1133 3231 huius
1152 3179 1186 3231 ad
1209 3195 1267 3232 eum
1288 3181 1428 3248 pravitatis

331 3245 441 3314 gradum
461 3260 620 3315 progressae
638 3247 714 3298 radix
733 3247 888 3300 haereseos.
1014 3259 1020 3265 ·

428 3340 574 3394 lionacbus
589 3343 658 3393 enim
679 3343 783 3411 quidam
804 3361 837 3395 ex
857 3339 891 3396 iis
910 3347 955 3414 qui
975 3346 1087 3414 Scorpio
1108 3346 1171 3400 braic
1189 3357 1301 3415 parent,
1322 3364 1429 3416 cogno.

329 3413 402 3464 mine
420 3411 572 3476 bardarius,
592 3415 684 3465 mortis
703 3417 825 3480 proximo
839 3417 975 3470 subiectus
993 3419 1044 3491 iam
1062 3419 1163 3484 morbo,
1184 3420 1288 3472 iacebat
1302 3420 1428 3473 laborans

330 3492 357 3535 ct
375 3484 483 3536 summis
507 3486 616 3535 omnino
642 3487 763 3552 corporis
793 3485 930 3540 doloribus
958 3499 1088 3554 vexatus3
1112 3492 1208 3542 deinde
1237 3507 1285 3558 per
1306 3494 1428 3561 integros

329 3555 429 3622 viginti
447 3555 504 3606 dies
525 3556 586 3607 cibo
604 3563 723 3624 potuque
744 3557 909 3624 abstinebat,
936 3561 994 3612 sino
1020 3577 1090 3613 voce
1108 3563 1213 3614 iacebat
1231 3563 1349 3616 ultimum
1369 3573 1429 3615 tra.

330 3626 397 3677 bens
417 3627 554 3693 spiritum;
579 3641 632 3678 nec
660 3629 823 3681 moriebatur
852 3638 959 3696 tamen3
988 3634 1034 3684 sed
1055 3647 1151 3700 corpus
1179 3643 1282 3686 tumore
1308 3635 1429 3688 cillatum

184 3752 188 3756 Α
333 3705 392 3748 erat
410 3706 437 3749 et
453 3698 577 3750 diuturna
596 3699 706 3767 quadam
726 3717 755 3752 os
775 3702 974 3754 suffundebatur
999 3705 1150 3771 nigredine.
1187 3721 1248 3758 sero
1268 3715 1354 3758 autem
1375 3723 1430 3758 nec

248 3771 249 3774 ’
330 3767 460 3818 miraculo
479 3772 585 3822 attoniti
609 3773 745 3837 praesides
763 3773 839 3824 illius
859 3775 987 3826 domicilii
1009 3776 1186 3844 quaerebant,¹
1199 3793 1260 3828 uum
1280 3779 1343 3846 quid
1362 3793 1431 3830 suo-

331 3853 389 3888 rum
408 3844 823 3905 peccatorumnoviconlessus
849 3847 876 3896 in
895 3847 987 3897 intimo
1014 3848 1147 3900 conditum
1175 3848 1286 3900 baberet
1307 3858 1430 3916 pectore,

331 3909 448 3976 ideoque
467 3913 524 3964 eius
544 3929 633 3964 curam
651 3931 750 3982 gerens
769 3917 834 3967 deus
854 3932 908 3968 non
927 3927 1063 3984 pateretur
1088 3935 1147 3970 eum
1166 3927 1296 3972 mortuum
1317 3929 1430 3972 aeterno

331 3980 399 4030 tradi
428 3981 494 4049 igni.
535 3983 579 4036 bic
605 3995 744 4054 postquam
768 3987 905 4040 intellexit
931 3987 1042 4042 sublatis
1062 3991 1198 4057 paululum
1218 3992 1320 4056 oeulis,
1340 3993 1433 4044 vehe-

330 4058 436 4101 menter
456 4053 568 4105 eiulaait
594 4064 621 4111 et
644 4059 690 4108 vix
717 4073 829 4110 movens
861 4059 978 4128 linguam
1008 4062 1075 4113 baec
1094 4063 1168 4114 dixit.
1205 4065 1280 4115 scitis
1301 4072 1362 4115 ante
1381 4065 1432 4115 bos

331 4121 472 4174 duodecim
490 4140 574 4177 annos
594 4127 709 4178 habitam
729 4129 773 4180 bic
792 4131 921 4196 synodum
936 4134 1054 4184 virorum
1073 4136 1101 4186 iu
1117 4134 1168 4185 boc
1187 4144 1277 4186 monte
1298 4151 1328 4186 se
1348 4151 1432 4187 exer-

330 4194 457 4245 centium.
493 4203 547 4247 tum
567 4198 649 4264 igitur
666 4200 693 4249 in
717 4202 897 4266 suspicionem
915 4211 1011 4255 vocato
1039 4207 1117 4257 etiam
1137 4207 1248 4274 Scorpio
1275 4208 1433 4276 interroga-

330 4271 373 4316 tus
394 4280 455 4333 ego,
473 4282 536 4317 num
555 4270 651 4320 scirem
671 4286 729 4320 eum
748 4273 851 4324 socium
870 4274 954 4327 luisse
972 4284 1109 4342 captorum
1129 4277 1433 4332 buneblassalianorum

323 4343 360 4393 -et
376 4337 577 4411 bogomilorunr
601 4341 701 4414 negati
724 4359 767 4399 nte
791 4345 861 4399 scire
888 4348 1009 4418 quamvis
1035 4349 1198 4422 exploratam
1227 4365 1283 4405 reru
1309 4351 1425 4418 babens3
