3184 5100
325 391 383 470 to
629 390 855 464 urumuonr
882 381 1117 460 ααοαοπλο

326 557 449 632 τοάτσις
475 553 614 644 ,ὁλκάδες
641 559 893 622 συσκευασθεῖεν
921 550 953 630 ‘ds
973 554 1049 616 ,τῶν
1070 548 1154 614 πάνυ
1176 547 1343 630 μεγίστων,
1366 572 1431 629 μη-

325 657 430 743 χανάς
451 657 653 732 παντοδαπάς
675 659 729 720 καί
749 651 879 729 ὁπλίτας
901 653 1052 736 άρίστσυς
1064 656 1224 736 φέρουσαι
1246 651 1430 729 πλείστους,

265 825 267 836 ,
327 763 449 845 καίριον
484 754 544 843 ῆδη
576 761 765 841 νομισθῆναι
795 763 861 829 τοῖς
889 748 990 818 άπασι
1017 752 1133 826 πάσαις
1166 749 1248 831 ὁμσῦ
1271 747 1432 830 δυνάμεσι

327 858 582 945 προσελάσαντος
611 859 840 924 κυκλώσασθαι
868 853 903 919 τά
937 856 1094 938 φρούριον
1133 852 1326 938 αάδημερόν.
1377 854 1433 915 ναί

327 962 448 1030 τσάτοον
473 958 591 1024 udrosos*
614 962 843 1042 πεπραγμένων
877 955 1058 1038 ἀνυσθῆναι
1080 956 1172 1039 σφίσι
1195 955 1296 1037 μηδὲν
1314 953 1459 1037 ἤτιηκδ.5

327 1088 431 1146 ευμεν,
454 1062 497 1137 cic
518 1061 694 1143 ἀπογνόντα
718 1057 829 1122 λοιπὸν
851 1055 903 1121 τὸν
927 1060 984 1138 τῆς
1004 1058 1154 1138 ναυτικῆς
1175 1057 1433 1130 τῶνβενεττκῶν

241 1175 243 1180 ‘
328 1165 493 1246 δυνάμεως
520 1164 683 1243 ναύαρχον
713 1162 769 1224 τοῦ
796 1164 856 1239 μέν
878 1161 1017 1236 πολέμου
1046 1155 1197 1237 διάδοχον
1220 1155 1350 1240 ἀφεῖναι
1374 1152 1433 1218 τάν

326 1267 482 1347 βασιλέα,
519 1260 615 1328 ου’τδν
649 1262 684 1324 δέ
713 1261 861 1340 μαθόντα
890 1253 949 1341 ἤδη
972 1260 1028 1322 καί
1054 1253 1194 1339 τριήρεις
1218 1252 1252 1318 ἐκ
1273 1255 1433 1330 Γεννοάας

327 1362 473 1450 έξῆιιοντα
499 1361 587 1446 παρά
616 1363 723 1426 πᾶσαν
750 1361 945 1442 α’νογομένας
967 1360 1102 1438 ἐλπίδα,
1129 1353 1217 1431 ὅλαις
1248 1350 1434 1440 ἀναχωρεῖν

328 1465 504 1548 copositio-¹
888 1457 892 1466 ¹
1444 1478 1480 1532 to

261 1576 316 1630 n
412 1563 483 1632 Καί
510 1560 532 1628 ά
559 1566 617 1644 μὲν
650 1564 802 1645 άμυδράς
836 1562 935 1637 αὐτὸς
957 1558 1119 1644 ηἰιηκάετν,
1153 1558 1287 1646 ἔκδημος
1308 1553 1353 1623 οδν
1375 1562 1433 1642 τῆς

330 1667 491 1750 πατρίδας,
512 1668 601 1730 ταῦτ’
632 1662 734 1730 ἐστίν·
779 1661 874 1737 αι’τὸς
904 1664 934 1727 δ’
954 1657 992 1726 άν
1013 1687 1067 1743 μοι
1089 1666 1191 1745 λέγοις
1211 1663 1433 1746 τάληθέστεροί

328 1769 445 1834 τε,καί
465 1763 658 1848 βεβαιότερα
685 1769 747 1830 τοδν
770 1767 928 1830 ἐνταυθοῖ
944 1768 1173 1847 πεπραγμένων
1205 1766 1348 1844 ἐκείνων,
1375 1768 1434 1847 τῆς

326 1863 520 1952 α’φηγῆσιως
541 1864 730 1951 προίσάοης,
750 1863 933 1949 προστιθείς
963 1868 996 1929 έν
1025 1865 1128 1949 ταάτηλ
1153 1863 1207 1928 καί
1225 1862 1263 1927 τά
1286 1867 1351 1928 τοῖν
1374 1889 1435 1929 πε-

329 1971 517 2053 πραγμένων
538 1965 635 2034 αἴτια.
680 1968 737 2032 νῦν
759 1968 787 2029 δ’
811 1958 855 2032 ὧν
875 1966 974 2042 ου’τός
995 1964 1159 2051 ου’τάπτης
1180 1962 1250 2049 ἑξῆς
1274 1962 1433 2051 ἐγενόμην
1444 1980 1480 2034 15

330 2068 398 2136 έιιεῖ
416 2068 537 2151 πυράν,
560 2061 626 2150 εἶμι
649 2068 843 2152 έριὸναιλτδς
864 2067 978 2132 αάτίκο
1001 2067 1057 2132 τὸν
1077 2068 1261 2149 λεπτότερον
1284 2065 1339 2132 καί
1358 2069 1433 2130 καθ’

330 2175 444 2236 ἕκαστα
466 2169 594 2253 τρόπον.
626 2167 861 2252 ἐπαναληπτέον
887 2173 993 2233 τοίνυν
1015 2168 1070 2233 τάν
1092 2165 1183 2251 λόγον
1207 2163 1326 2261 δπητά
1350 2169 1450 2251 πρό-Ι

330 2295 422 2356 τερον
442 2267 531 2353 ίχνσς
554 2273 723 2351 ε’λιπομεν,
748 2273 801 2334 ἵνα
817 2268 851 2334 τά
872 2274 927 2351 τῆς
947 2269 1090 2352 ἱστορίας
1115 2272 1256 2355 συναφὲς
1290 2267 1349 2354 τῆν
1373 2274 1435 2334 τοῦ

332 2376 459 2459 σαφοῦς
480 2369 644 2458 ῥαστώνην
665 2372 775 2456 εάῳυά
799 2372 925 2459 παρέχη
947 2381 1012 2446 τοῖς
1033 2370 1290 2455 ἐντυγχάνουσιν.

193 2481 197 2488 “
266 2475 349 2543 n'
423 2463 558 2556 Ἔτυχον
580 2473 639 2553 μέν
661 2470 722 2555 ἐγώ
746 2471 918 2555 διατρίβων
946 2472 1019 2554 περί
1039 2469 1077 2535 τά
1101 2479 1194 2536 κοῖλα
1215 2476 1271 2555 τῆς
1291 2471 1480 2555 Εάβοίαςγο
1513 2486 1514 2525 ³

335 2984 386 3025 sex
402 2984 486 3023 naves
505 2970 641 3023 onerarias
660 2970 785 3022 maximas
805 2969 876 3021 omni
897 2984 999 3038 genere
1018 2967 1199 3023 machinarum
1219 2976 1245 3020 et
1268 2970 1359 3038 gravis
1384 2985 1435 3021 ar.

336 3051 454 3094 maturae
473 3040 602 3094 militibus
622 3041 744 3109 plurimis
764 3042 972 3109 fortissimisque
989 3042 1132 3095 instructas
1152 3049 1361 3109 comparassent,
1381 3043 1435 3094 iam
1511 3087 1512 3090 ,

241 3113 250 3125 “
336 3112 457 3165 omuibus
475 3112 599 3165 idoneum
617 3121 720 3181 tempus
732 3113 818 3167 visum
839 3129 899 3164 esse
921 3114 1024 3166 cunctis
1045 3115 1130 3181 copiis
1148 3114 1270 3181 protinus
1292 3112 1435 3165 castellum
1511 3135 1512 3154 ι

338 3184 475 3237 adoriendi
493 3192 573 3254 atque
593 3185 741 3237 obsidendi.
779 3184 827 3236 tali
847 3186 951 3235 ratione
969 3184 1049 3236 rebus
1070 3186 1199 3237 institutis
1217 3181 1293 3236 nibil.
1305 3185 1382 3237 abiis
1402 3186 1436 3237 ad

338 3257 437 3325 exitum
457 3256 598 3309 adductum
618 3273 688 3319 esse,
709 3256 896 3320 audiebamus,
919 3257 955 3307 ita
977 3264 1007 3307 ut
1027 3256 1120 3309 classis
1140 3255 1259 3308 Venetae
1280 3256 1435 3323 praefectus

336 3342 365 3380 re
385 3329 435 3379 ianr
455 3328 595 3395 desperata
620 3336 646 3378 et
664 3328 848 3394 Imperatore,
877 3329 922 3395 qui
951 3327 1052 3379 beilum
1079 3336 1308 3397 persequeretur,
1335 3329 1435 3381 relicto

335 3414 434 3452 summa
456 3400 628 3451 festinatione
646 3400 806 3450 recessisset
825 3400 926 3451 certior
948 3400 1044 3464 factus,
1065 3400 1098 3451 ab
1111 3401 1203 3453 Genua
1222 3402 1274 3450 iam
1293 3402 1436 3469 sexaginta

335 3472 458 3523 triremes
478 3479 585 3541 praeter
605 3471 724 3521 omnium·
740 3471 967 3536 exspectationem
986 3473 1014 3521 in
1033 3471 1114 3523 altum
1135 3480 1242 3525 evectas
1263 3484 1332 3525 esse.

435 3566 508 3621 Haec
526 3567 651 3636 equidem
670 3583 685 3619 a
703 3568 790 3634 patria
807 3576 925 3621 remotus
951 3569 1026 3636 quasi
1050 3585 1100 3636 per
1124 3569 1248 3621 nebulam
1273 3570 1379 3634 audivi;
1406 3580 1436 3623 tu
1510 3621 1511 3626 ,

337 3650 425 3695 autem
444 3641 599 3695 narratione
617 3640 809 3708 progrediente
828 3641 935 3692 veriora
955 3642 1083 3708 quaedam
1102 3649 1182 3709 atque
1203 3643 1319 3693 certiora
1337 3643 1371 3694 dc
1387 3659 1436 3695 re.

337 3714 386 3767 bus
406 3712 522 3768 hictum
547 3713 631 3779 gestis
655 3726 773 3779 expones
793 3712 888 3763 additis
915 3713 994 3763 etiam
1019 3729 1106 3765 rerum
1130 3715 1226 3765 causis.
1269 3730 1341 3765 nunc
1367 3731 1435 3768 vero
1510 3723 1511 3738 ¹

338 3800 392 3847 res,
413 3799 522 3851 quarum
541 3786 600 3851 ipse
618 3782 677 3834 illic
695 3790 831 3850 spectator
844 3783 891 3847 fui,
910 3800 944 3834 ex
962 3784 1055 3836 ordine
1075 3785 1123 3836 tibi
1137 3794 1261 3837 accurate
1280 3794 1361 3853 atque
1375 3789 1435 3840 sin.

339 3854 453 3923 gillatim
473 3856 599 3907 referam.
635 3854 825 3907 revertendum
842 3856 925 3922 igitur
942 3856 1019 3908 nobis
1040 3866 1080 3908 est
1101 3857 1133 3907 ad
1157 3858 1201 3922 id,
1225 3858 1296 3909 uude
1319 3858 1436 3925 digressi

339 3942 439 3991 smnus,
459 3934 487 3977 ut
506 3926 636 3978 historiae
661 3926 822 3979 continuitas
841 3926 1006 3993 praeclaram
1024 3945 1113 3981 rerum
1136 3929 1298 3997 cognitionis
1316 3929 1435 3981 facilita-
1509 3927 1510 3932 ’

339 4006 391 4049 tem
411 3997 547 4065 praebeat,
567 4012 635 4065 quae
652 3998 723 4050 inest
740 4000 767 4049 iu
786 4000 986 4066 perspicuitate.

441 4095 527 4159 Quum
552 4096 635 4163 igitur
654 4098 725 4148 circa
744 4097 835 4149 ianoes
856 4098 982 4151 Euboeae
1004 4106 1031 4149 et
1050 4098 1189 4164 Carystum
1208 4099 1300 4151 urbem
1320 4106 1436 4150 exeunte

341 4168 392 4218 iam
412 4175 514 4219 aestate
533 4182 720 4233 commorarer,
740 4169 772 4219 ad
791 4169 912 4237 Oreum,
937 4170 1064 4223 Euboeae
1083 4171 1174 4221 urbem
1202 4179 1281 4238 portu
1307 4178 1435 4233 ornatam,

342 4239 496 4307 quindecim
515 4238 580 4291 illae
599 4255 683 4293 naves
698 4240 817 4293 Venetae
835 4243 1007 4310 appulerunt,
1027 4256 1092 4309 quas
1103 4258 1147 4294 ,ex
1165 4243 1293 4309 portubus
1313 4242 1437 4310 Byzantii
1473 4291 1477 4297 .

341 4312 490 4366 recessisse
508 4326 589 4381 supra
609 4313 857 4368 demonstravimus.
878 4322 939 4367 octo
958 4320 1046 4366 autem
1054 4314 1221 4369 cretensium
1241 4315 1365 4368 triremes
1375 4315 1437 4367 inde

333 2576 389 2639 καί
409 2535 584 2657 lioperto-v
604 2572 692 2639 πάλιν
712 2576 856 2658 λῆγοντσς
877 2568 938 2658 ἤδη
960 2580 1019 2637 τοῦ
1042 2577 1171 2659 θέρους,
1188 2578 1242 2639 καί
1262 2580 1436 2660 τηνικαάτα

334 2678 499 2759 ξυνίβαινε
520 2680 691 2741 καταπλεῖν
715 2676 747 2750 ές
769 2672 889 2759 Ὠρεόν,
910 2675 1001 2740 πόλιν
1021 2675 1162 2759 Εὐβοίας
1182 2674 1356 2763 εὐλίμενον,
1377 2675 1437 2754 τάς
