<?xml version="1.0" encoding="UTF-8"?>
<!DOCTYPE html PUBLIC "-//W3C//DTD XHTML 1.0 Transitional//EN"
    "http://www.w3.org/TR/xhtml1/DTD/xhtml1-transitional.dtd">
<html xmlns="http://www.w3.org/1999/xhtml" xml:lang="en" lang="en">
 <head>
  <title>
</title>
<meta http-equiv="Content-Type" content="text/html;charset=utf-8" />
  <meta name='ocr-system' content='tesseract 3.04.00' />
  <meta name='ocr-capabilities' content='ocr_page ocr_carea ocr_par ocr_line ocrx_word'/>
</head>
<body>
  <div class='ocr_page' id='page_1' title='image "./nicephorigregor04schogoog_0440.png"; bbox 0 0 3184 5100; ppageno 0'>
   <div class='ocr_carea' id='block_1_1' title="bbox 165 311 1324 463">
    <p class='ocr_par' dir='ltr' id='par_1_1' title="bbox 165 311 1324 463">
     <span class='ocr_line' id='line_1_1' title="bbox 165 311 1324 463; baseline -0.006 1"><span class='ocrx_word' id='word_1_1' title='bbox 165 388 169 400; x_wconf 85' lang='lat'>&#39;</span> <span class='ocrx_word' id='word_1_2' title='bbox 243 311 757 463; x_wconf 63' lang='lat' dir='ltr'><strong>bonumamicum</strong></span> <span class='ocrx_word' id='word_1_3' title='bbox 774 328 916 457; x_wconf 75' lang='lat' dir='ltr'><strong>xxaur.</strong></span> <span class='ocrx_word' id='word_1_4' title='bbox 935 368 1123 459; x_wconf 67' lang='lat' dir='ltr'><strong>tri-ta.</strong></span> <span class='ocrx_word' id='word_1_5' title='bbox 1180 372 1257 456; x_wconf 73' lang='lat' dir='ltr'><strong>lai</strong></span> <span class='ocrx_word' id='word_1_6' title='bbox 1322 448 1324 457; x_wconf 20' lang='lat' dir='ltr'><strong>t</strong></span> 
     </span>
    </p>
   </div>
   <div class='ocr_carea' id='block_1_2' title="bbox 80 546 1335 2361">
    <p class='ocr_par' dir='ltr' id='par_1_2' title="bbox 158 546 1319 947">
     <span class='ocr_line' id='line_1_2' title="bbox 256 546 1319 642; baseline -0.011 -19"><span class='ocrx_word' id='word_1_7' title='bbox 256 558 325 630; x_wconf 79' lang='lat' dir='ltr'><strong>Ado</strong></span> <span class='ocrx_word' id='word_1_8' title='bbox 345 559 405 642; x_wconf 80' lang='grc' dir='ltr'><strong>μὲν</strong></span> <span class='ocrx_word' id='word_1_9' title='bbox 436 554 480 642; x_wconf 75' lang='grc' dir='ltr'><strong>δη</strong></span> <span class='ocrx_word' id='word_1_10' title='bbox 504 556 621 632; x_wconf 74' lang='grc' dir='ltr'><em>παίσας</em></span> <span class='ocrx_word' id='word_1_11' title='bbox 649 552 824 640; x_wconf 75' lang='grc' dir='ltr'><em>ἧνέγναμεν</em></span> <span class='ocrx_word' id='word_1_12' title='bbox 856 559 928 629; x_wconf 78' lang='grc' dir='ltr'><em>ταῖς</em></span> <span class='ocrx_word' id='word_1_13' title='bbox 955 550 1045 636; x_wconf 70' lang='grc' dir='ltr'><strong>ἀμοῖν</strong></span> <span class='ocrx_word' id='word_1_14' title='bbox 1079 546 1319 629; x_wconf 69' lang='grc' dir='ltr'><em>ἀντιθέσεσιῃ</em></span> 
     </span>
     <span class='ocr_line' id='line_1_3' title="bbox 158 648 1257 745; baseline -0.01 -19"><span class='ocrx_word' id='word_1_15' title='bbox 158 662 265 735; x_wconf 79' lang='grc' dir='ltr'><strong><em>λύσεις</em></strong></span> <span class='ocrx_word' id='word_1_16' title='bbox 283 658 337 725; x_wconf 78' lang='lat' dir='ltr'><strong>dod</strong></span> <span class='ocrx_word' id='word_1_17' title='bbox 357 657 518 745; x_wconf 83' lang='grc' dir='ltr'><em>βραχέων,</em></span> <span class='ocrx_word' id='word_1_18' title='bbox 540 655 589 741; x_wconf 81' lang='grc' dir='ltr'><strong>εἴη</strong></span> <span class='ocrx_word' id='word_1_19' title='bbox 611 659 639 721; x_wconf 82' lang='grc' dir='ltr'><strong>δ’</strong></span> <span class='ocrx_word' id='word_1_20' title='bbox 664 652 702 719; x_wconf 83' lang='grc' dir='ltr'><strong>ἀν</strong></span> <span class='ocrx_word' id='word_1_21' title='bbox 723 654 779 719; x_wconf 85' lang='grc' dir='ltr'><strong>καί</strong></span> <span class='ocrx_word' id='word_1_22' title='bbox 799 656 906 741; x_wconf 83' lang='grc' dir='ltr'><em>τρίτη,</em></span> <span class='ocrx_word' id='word_1_23' title='bbox 927 650 949 737; x_wconf 75' lang='grc' dir='ltr'><em>ἡ</em></span> <span class='ocrx_word' id='word_1_24' title='bbox 971 651 1069 738; x_wconf 80' lang='grc' dir='ltr'><em>’παρὰ</em></span> <span class='ocrx_word' id='word_1_25' title='bbox 1088 648 1143 735; x_wconf 81' lang='grc' dir='ltr'><strong>τὴν</strong></span> <span class='ocrx_word' id='word_1_26' title='bbox 1165 648 1257 729; x_wconf 81' lang='grc' dir='ltr'><em>λέξιν,</em></span> 
     </span>
     <span class='ocr_line' id='line_1_4' title="bbox 159 748 1260 850; baseline -0.01 -24"><span class='ocrx_word' id='word_1_27' title='bbox 159 762 241 848; x_wconf 82' lang='grc' dir='ltr'><em>λέγω</em></span> <span class='ocrx_word' id='word_1_28' title='bbox 265 759 304 845; x_wconf 75' lang='grc' dir='ltr'><strong>δὴ</strong></span> <span class='ocrx_word' id='word_1_29' title='bbox 326 758 383 846; x_wconf 80' lang='grc' dir='ltr'><strong>την</strong></span> <span class='ocrx_word' id='word_1_30' title='bbox 407 758 459 839; x_wconf 73' lang='grc' dir='ltr'><strong>ὥς,</strong></span> <span class='ocrx_word' id='word_1_31' title='bbox 480 759 721 846; x_wconf 72' lang='grc' dir='ltr'><em>μονοσύλλαβον</em></span> <span class='ocrx_word' id='word_1_32' title='bbox 741 758 802 850; x_wconf 82' lang='grc' dir='ltr'><strong>μὲν</strong></span> <span class='ocrx_word' id='word_1_33' title='bbox 824 750 934 835; x_wconf 72' lang='grc' dir='ltr'><em>οὖσαν,</em></span> <span class='ocrx_word' id='word_1_34' title='bbox 957 752 1127 841; x_wconf 76' lang='grc' dir='ltr'><em>ὁμώνυμον</em></span> <span class='ocrx_word' id='word_1_35' title='bbox 1149 752 1184 816; x_wconf 75' lang='grc' dir='ltr'><strong>δὲ</strong></span> <span class='ocrx_word' id='word_1_36' title='bbox 1205 748 1260 815; x_wconf 77' lang='grc' dir='ltr'><strong>καί</strong></span> 
     </span>
     <span class='ocr_line' id='line_1_5' title="bbox 159 847 1260 947; baseline -0.009 -20"><span class='ocrx_word' id='word_1_37' title='bbox 159 860 243 927; x_wconf 87' lang='grc' dir='ltr'><strong>κατά</strong></span> <span class='ocrx_word' id='word_1_38' title='bbox 269 864 395 926; x_wconf 75' lang='grc' dir='ltr'><em>πολλῶν</em></span> <span class='ocrx_word' id='word_1_39' title='bbox 425 861 597 947; x_wconf 72' lang='grc' dir='ltr'><em>λεγομένην</em></span> <span class='ocrx_word' id='word_1_40' title='bbox 627 853 879 945; x_wconf 85' lang='grc' dir='ltr'><em>σημαινομένων.</em></span> <span class='ocrx_word' id='word_1_41' title='bbox 934 847 977 923; x_wconf 78' lang='grc' dir='ltr'><strong>ὧν</strong></span> <span class='ocrx_word' id='word_1_42' title='bbox 1010 853 1050 919; x_wconf 75' lang='lat' dir='ltr'><strong>od</strong></span> <span class='ocrx_word' id='word_1_43' title='bbox 1081 853 1260 937; x_wconf 79' lang='grc' dir='ltr'><em>μὲνπλιίω</em></span> 
     </span>
    </p>

    <p class='ocr_par' dir='ltr' id='par_1_3' title="bbox 132 952 1327 1462">
     <span class='ocr_line' id='line_1_6' title="bbox 132 952 1260 1049; baseline -0.012 -20"><span class='ocrx_word' id='word_1_44' title='bbox 132 953 418 1049; x_wconf 71' lang='grc' dir='ltr'><em>ὁγραμματισταῖς</em></span> <span class='ocrx_word' id='word_1_45' title='bbox 458 958 727 1047; x_wconf 78' lang='grc' dir='ltr'><em>παραπεμπτέον,</em></span> <span class='ocrx_word' id='word_1_46' title='bbox 763 952 810 1036; x_wconf 85' lang='grc' dir='ltr'><strong>οἷς</strong></span> <span class='ocrx_word' id='word_1_47' title='bbox 842 956 1108 1046; x_wconf 80' lang='grc' dir='ltr'><em>προυργιαίτερον</em></span> <span class='ocrx_word' id='word_1_48' title='bbox 1138 954 1260 1021; x_wconf 75' lang='lat' dir='ltr'><strong>cantol·-</strong></span> 
     </span>
     <span class='ocr_line' id='line_1_7' title="bbox 160 1054 1261 1149; baseline -0.005 -24"><span class='ocrx_word' id='word_1_49' title='bbox 160 1061 238 1148; x_wconf 78' lang='grc' dir='ltr'><em>ἡμῖν</em></span> <span class='ocrx_word' id='word_1_50' title='bbox 262 1065 291 1127; x_wconf 90' lang='lat' dir='ltr'><strong>d&#39;</strong></span> <span class='ocrx_word' id='word_1_51' title='bbox 316 1062 444 1149; x_wconf 78' lang='grc' dir='ltr'><em>ἀπόχρη</em></span> <span class='ocrx_word' id='word_1_52' title='bbox 465 1060 546 1127; x_wconf 81' lang='grc' dir='ltr'><em>κατὰ</em></span> <span class='ocrx_word' id='word_1_53' title='bbox 565 1060 638 1138; x_wconf 81' lang='grc' dir='ltr'><strong>τούς</strong></span> <span class='ocrx_word' id='word_1_54' title='bbox 657 1063 721 1125; x_wconf 82' lang='grc' dir='ltr'><strong>τῶν</strong></span> <span class='ocrx_word' id='word_1_55' title='bbox 742 1062 842 1127; x_wconf 71' lang='grc' dir='ltr'><em>θείων</em></span> <span class='ocrx_word' id='word_1_56' title='bbox 856 1060 996 1125; x_wconf 68' lang='grc' dir='ltr'><em>ἐνταῦθα</em></span> <span class='ocrx_word' id='word_1_57' title='bbox 1016 1059 1152 1146; x_wconf 74' lang='grc' dir='ltr'><em>γραφῶν</em></span> <span class='ocrx_word' id='word_1_58' title='bbox 1172 1054 1261 1121; x_wconf 74' lang='grc' dir='ltr'><em>ἐκδέ-</em></span> 
     </span>
     <span class='ocr_line' id='line_1_8' title="bbox 157 1157 1262 1251; baseline -0.008 -20"><span class='ocrx_word' id='word_1_59' title='bbox 157 1169 282 1246; x_wconf 68' lang='grc' dir='ltr'><em>χεσθαι</em></span> <span class='ocrx_word' id='word_1_60' title='bbox 302 1157 476 1251; x_wconf 75' lang='grc' dir='ltr'><em>ἑρμηνέας,</em></span> <span class='ocrx_word' id='word_1_61' title='bbox 498 1164 574 1228; x_wconf 84' lang='grc' dir='ltr'><em>ποτὲ</em></span> <span class='ocrx_word' id='word_1_62' title='bbox 599 1162 660 1246; x_wconf 79' lang='grc' dir='ltr'><strong>μὲν</strong></span> <span class='ocrx_word' id='word_1_63' title='bbox 682 1158 726 1239; x_wconf 73' lang='grc' dir='ltr'><strong>ὥς</strong></span> <span class='ocrx_word' id='word_1_64' title='bbox 745 1158 957 1247; x_wconf 56' lang='grc' dir='ltr'><em>βίβαιωτικὴν</em></span> <span class='ocrx_word' id='word_1_65' title='bbox 987 1157 1108 1247; x_wconf 77' lang='grc' dir='ltr'><em>δηλαδὴ</em></span> <span class='ocrx_word' id='word_1_66' title='bbox 1131 1157 1262 1242; x_wconf 77' lang='grc' dir='ltr'><em>καὶτῆς</em></span> 
     </span>
     <span class='ocr_line' id='line_1_9' title="bbox 161 1256 1260 1350; baseline -0.008 -20"><span class='ocrx_word' id='word_1_67' title='bbox 161 1264 370 1350; x_wconf 69' lang='grc' dir='ltr'><em>ὑποκειμένης</em></span> <span class='ocrx_word' id='word_1_68' title='bbox 391 1266 514 1341; x_wconf 80' lang='grc' dir='ltr'><em>ἐννοιάς</em></span> <span class='ocrx_word' id='word_1_69' title='bbox 535 1263 682 1329; x_wconf 77' lang='grc' dir='ltr'><em>ἐπίτασιν</em></span> <span class='ocrx_word' id='word_1_70' title='bbox 703 1263 854 1345; x_wconf 80' lang='grc' dir='ltr'><em>ἔχουσαν,</em></span> <span class='ocrx_word' id='word_1_71' title='bbox 876 1262 953 1328; x_wconf 80' lang='grc' dir='ltr'><em>ποτὲ</em></span> <span class='ocrx_word' id='word_1_72' title='bbox 975 1264 1005 1326; x_wconf 87' lang='lat' dir='ltr'><strong>d’</strong></span> <span class='ocrx_word' id='word_1_73' title='bbox 1028 1259 1071 1336; x_wconf 75' lang='grc' dir='ltr'><strong>ὥς</strong></span> <span class='ocrx_word' id='word_1_74' title='bbox 1093 1256 1260 1343; x_wconf 81' lang='grc' dir='ltr'><em>ἀμοιωμα-</em></span> 
     </span>
     <span class='ocr_line' id='line_1_10' title="bbox 163 1350 1327 1462; baseline -0.007 -30"><span class='ocrx_word' id='word_1_75' title='bbox 163 1366 254 1451; x_wconf 81' lang='grc' dir='ltr'><em>τικην</em></span> <span class='ocrx_word' id='word_1_76' title='bbox 275 1360 297 1449; x_wconf 79' lang='grc' dir='ltr'><em>ἢ</em></span> <span class='ocrx_word' id='word_1_77' title='bbox 321 1363 521 1462; x_wconf 51' lang='lat' dir='ltr'><strong>turannio</strong></span> <span class='ocrx_word' id='word_1_78' title='bbox 542 1364 598 1429; x_wconf 84' lang='grc' dir='ltr'><strong>καί</strong></span> <span class='ocrx_word' id='word_1_79' title='bbox 620 1362 657 1427; x_wconf 79' lang='grc' dir='ltr'><strong>οὔ</strong></span> <span class='ocrx_word' id='word_1_80' title='bbox 677 1364 767 1448; x_wconf 80' lang='grc' dir='ltr'><em>μάλα</em></span> <span class='ocrx_word' id='word_1_81' title='bbox 783 1362 1075 1450; x_wconf 68' lang='grc' dir='ltr'><em>ἀναμφισβήτητον.</em></span> <span class='ocrx_word' id='word_1_82' title='bbox 1118 1350 1327 1438; x_wconf 65' lang='lat' dir='ltr'><strong>cirino-140</strong></span> 
     </span>
    </p>

    <p class='ocr_par' dir='ltr' id='par_1_4' title="bbox 117 1461 1266 1856">
     <span class='ocr_line' id='line_1_11' title="bbox 117 1461 1265 1554; baseline -0.01 -19"><span class='ocrx_word' id='word_1_83' title='bbox 117 1487 154 1541; x_wconf 85' lang='lat'><strong>10</strong></span> <span class='ocrx_word' id='word_1_84' title='bbox 166 1468 307 1554; x_wconf 61' lang='lat' dir='ltr'><strong>det‘ypta?</strong></span> <span class='ocrx_word' id='word_1_85' title='bbox 332 1461 370 1529; x_wconf 80' lang='grc' dir='ltr'><strong>ἀν</strong></span> <span class='ocrx_word' id='word_1_86' title='bbox 392 1464 442 1552; x_wconf 78' lang='grc' dir='ltr'><strong>εἴη</strong></span> <span class='ocrx_word' id='word_1_87' title='bbox 469 1468 555 1531; x_wconf 54' lang='grc' dir='ltr'><em>ταῦτ)</em></span> <span class='ocrx_word' id='word_1_88' title='bbox 588 1467 624 1529; x_wconf 82' lang='grc' dir='ltr'><strong>ἐκ</strong></span> <span class='ocrx_word' id='word_1_89' title='bbox 653 1465 830 1551; x_wconf 71' lang='grc' dir='ltr'><em>προχείρου</em></span> <span class='ocrx_word' id='word_1_90' title='bbox 857 1464 1064 1550; x_wconf 78' lang='grc' dir='ltr'><em>παραστάντα</em></span> <span class='ocrx_word' id='word_1_91' title='bbox 1085 1464 1126 1549; x_wconf 80' lang='grc' dir='ltr'><strong>τῇ</strong></span> <span class='ocrx_word' id='word_1_92' title='bbox 1145 1461 1265 1549; x_wconf 81' lang='grc' dir='ltr'><em>μνήμη,</em></span> 
     </span>
     <span class='ocr_line' id='line_1_12' title="bbox 162 1562 1266 1653; baseline -0.006 -20"><span class='ocrx_word' id='word_1_93' title='bbox 162 1571 219 1653; x_wconf 82' lang='grc' dir='ltr'><strong>τῆς</strong></span> <span class='ocrx_word' id='word_1_94' title='bbox 238 1569 299 1652; x_wconf 75' lang='grc' dir='ltr'><strong>μὲν</strong></span> <span class='ocrx_word' id='word_1_95' title='bbox 327 1569 539 1651; x_wconf 82' lang='grc' dir='ltr'><em>βεβαιωτικῆς</em></span> <span class='ocrx_word' id='word_1_96' title='bbox 570 1567 627 1632; x_wconf 84' lang='grc' dir='ltr'><strong>καί</strong></span> <span class='ocrx_word' id='word_1_97' title='bbox 646 1569 702 1651; x_wconf 78' lang='grc' dir='ltr'><strong>τῆς</strong></span> <span class='ocrx_word' id='word_1_98' title='bbox 732 1562 941 1650; x_wconf 79' lang='grc' dir='ltr'><em>ἀποκειμένης</em></span> <span class='ocrx_word' id='word_1_99' title='bbox 965 1564 1111 1631; x_wconf 72' lang='grc' dir='ltr'><em>ἐπίτασιν</em></span> <span class='ocrx_word' id='word_1_100' title='bbox 1131 1562 1266 1647; x_wconf 77' lang='grc' dir='ltr'><em>ἐχούσης</em></span> 
     </span>
     <span class='ocr_line' id='line_1_13' title="bbox 164 1662 1265 1753; baseline -0.005 -19"><span class='ocrx_word' id='word_1_101' title='bbox 164 1669 287 1746; x_wconf 74' lang='grc' dir='ltr'><em>ἑννοίας</em></span> <span class='ocrx_word' id='word_1_102' title='bbox 306 1666 343 1734; x_wconf 76' lang='grc' dir='ltr'><strong>τὸ</strong></span> <span class='ocrx_word' id='word_1_103' title='bbox 363 1665 595 1751; x_wconf 71' lang='grc' dir='ltr'><strong>“ἑθεασα’μεθα</strong></span> <span class='ocrx_word' id='word_1_104' title='bbox 624 1665 681 1753; x_wconf 79' lang='grc' dir='ltr'><strong>τὴν</strong></span> <span class='ocrx_word' id='word_1_105' title='bbox 711 1666 806 1745; x_wconf 77' lang='grc' dir='ltr'><em>δόξαν</em></span> <span class='ocrx_word' id='word_1_106' title='bbox 829 1665 926 1731; x_wconf 74' lang='grc' dir='ltr'><em>αὐτοῦ</em></span> <span class='ocrx_word' id='word_1_107' title='bbox 955 1666 1050 1744; x_wconf 64' lang='grc' dir='ltr'><em>δόξαν</em></span> <span class='ocrx_word' id='word_1_108' title='bbox 1071 1662 1114 1742; x_wconf 71' lang='grc' dir='ltr'><strong>ὥς</strong></span> <span class='ocrx_word' id='word_1_109' title='bbox 1134 1688 1265 1751; x_wconf 58' lang='grc' dir='ltr'><em>μονογε.</em></span> 
     </span>
     <span class='ocr_line' id='line_1_14' title="bbox 163 1765 1264 1856; baseline -0.005 -22"><span class='ocrx_word' id='word_1_110' title='bbox 163 1770 238 1845; x_wconf 81' lang='grc' dir='ltr'><strong>νοῦς</strong></span> <span class='ocrx_word' id='word_1_111' title='bbox 259 1767 350 1856; x_wconf 82' lang='grc' dir='ltr'><em>πα·ρά</em></span> <span class='ocrx_word' id='word_1_112' title='bbox 369 1767 517 1855; x_wconf 74' lang='grc' dir='ltr'><em>πανρός,”</em></span> <span class='ocrx_word' id='word_1_113' title='bbox 539 1771 573 1834; x_wconf 80' lang='grc' dir='ltr'><strong>ἐν</strong></span> <span class='ocrx_word' id='word_1_114' title='bbox 587 1770 687 1855; x_wconf 74' lang='grc' dir='ltr'><em>σαρκί</em></span> <span class='ocrx_word' id='word_1_115' title='bbox 699 1768 760 1852; x_wconf 80' lang='grc' dir='ltr'><strong>μὲν</strong></span> <span class='ocrx_word' id='word_1_116' title='bbox 780 1765 1002 1855; x_wconf 76' lang='grc' dir='ltr'><em>κεκρυμμένην</em></span> <span class='ocrx_word' id='word_1_117' title='bbox 1020 1766 1172 1851; x_wconf 76' lang='grc' dir='ltr'><em>δηλονότι,</em></span> <span class='ocrx_word' id='word_1_118' title='bbox 1197 1766 1264 1830; x_wconf 80' lang='grc' dir='ltr'><strong>ἀλλ’</strong></span> 
     </span>
    </p>

    <p class='ocr_par' dir='ltr' id='par_1_5' title="bbox 80 1864 1268 1958">
     <span class='ocr_line' id='line_1_15' title="bbox 80 1864 1268 1958; baseline -0.003 -23"><span class='ocrx_word' id='word_1_119' title='bbox 80 1941 81 1944; x_wconf 11' lang='lat'>¹</span> <span class='ocrx_word' id='word_1_120' title='bbox 165 1868 209 1947; x_wconf 72' lang='grc' dir='ltr'><strong>ὥς</strong></span> <span class='ocrx_word' id='word_1_121' title='bbox 229 1873 277 1958; x_wconf 72' lang='grc' dir='ltr'><strong>τῷ</strong></span> <span class='ocrx_word' id='word_1_122' title='bbox 290 1866 356 1937; x_wconf 80' lang='grc' dir='ltr'><em>ὄντι</em></span> <span class='ocrx_word' id='word_1_123' title='bbox 367 1872 556 1955; x_wconf 77' lang='grc' dir='ltr'><em>μονογενοῦς</em></span> <span class='ocrx_word' id='word_1_124' title='bbox 573 1870 629 1935; x_wconf 85' lang='grc' dir='ltr'><strong>καί</strong></span> <span class='ocrx_word' id='word_1_125' title='bbox 645 1871 766 1956; x_wconf 85' lang='grc' dir='ltr'><em>κυρίως</em></span> <span class='ocrx_word' id='word_1_126' title='bbox 786 1866 860 1933; x_wconf 82' lang='grc' dir='ltr'><em>υἱοῦ</em></span> <span class='ocrx_word' id='word_1_127' title='bbox 873 1868 929 1933; x_wconf 86' lang='grc' dir='ltr'><strong>καί</strong></span> <span class='ocrx_word' id='word_1_128' title='bbox 941 1867 1035 1953; x_wconf 81' lang='grc' dir='ltr'><em>λόγου</em></span> <span class='ocrx_word' id='word_1_129' title='bbox 1056 1868 1112 1931; x_wconf 76' lang='grc' dir='ltr'><strong>τοῦ</strong></span> <span class='ocrx_word' id='word_1_130' title='bbox 1122 1869 1201 1931; x_wconf 77' lang='grc' dir='ltr'><em>θεοῦ</em></span> <span class='ocrx_word' id='word_1_131' title='bbox 1214 1864 1268 1931; x_wconf 80' lang='lat' dir='ltr'><strong>ded</strong></span> 
     </span>
    </p>

    <p class='ocr_par' dir='ltr' id='par_1_6' title="bbox 118 1962 1335 2361">
     <span class='ocr_line' id='line_1_16' title="bbox 118 1962 1268 2058; baseline -0.006 -22"><span class='ocrx_word' id='word_1_132' title='bbox 118 1990 155 2044; x_wconf 83' lang='grc'><strong>15</strong></span> <span class='ocrx_word' id='word_1_133' title='bbox 163 1974 227 2036; x_wconf 78' lang='grc' dir='ltr'><strong>τῶν</strong></span> <span class='ocrx_word' id='word_1_134' title='bbox 248 1973 442 2058; x_wconf 78' lang='grc' dir='ltr'><em>παραδόξων</em></span> <span class='ocrx_word' id='word_1_135' title='bbox 463 1968 567 2056; x_wconf 77' lang='grc' dir='ltr'><em>ἔργον</em></span> <span class='ocrx_word' id='word_1_136' title='bbox 580 1969 796 2057; x_wconf 88' lang='grc' dir='ltr'><em>φαινομένου·</em></span> <span class='ocrx_word' id='word_1_137' title='bbox 818 1970 875 2054; x_wconf 82' lang='grc' dir='ltr'><strong>τῆς</strong></span> <span class='ocrx_word' id='word_1_138' title='bbox 890 1972 919 2034; x_wconf 88' lang='lat' dir='ltr'><strong>d&#39;</strong></span> <span class='ocrx_word' id='word_1_139' title='bbox 935 1962 1045 2055; x_wconf 75' lang='grc' dir='ltr'><em>ἑτέρας</em></span> <span class='ocrx_word' id='word_1_140' title='bbox 1065 1965 1100 2033; x_wconf 86' lang='grc' dir='ltr'><strong>τὸ</strong></span> <span class='ocrx_word' id='word_1_141' title='bbox 1118 1964 1268 2051; x_wconf 70' lang='grc' dir='ltr'><em>Ἥαμψε</em></span> 
     </span>
     <span class='ocr_line' id='line_1_17' title="bbox 164 2065 1276 2159; baseline -0.007 -22"><span class='ocrx_word' id='word_1_142' title='bbox 164 2071 200 2137; x_wconf 82' lang='grc' dir='ltr'><strong>τὸ</strong></span> <span class='ocrx_word' id='word_1_143' title='bbox 222 2072 396 2159; x_wconf 84' lang='grc' dir='ltr'><em>πρόσωπον</em></span> <span class='ocrx_word' id='word_1_144' title='bbox 418 2070 517 2136; x_wconf 80' lang='grc' dir='ltr'><strong>αάτοῦ</strong></span> <span class='ocrx_word' id='word_1_145' title='bbox 530 2068 606 2147; x_wconf 74' lang='grc' dir='ltr'><strong>ὦςά</strong></span> <span class='ocrx_word' id='word_1_146' title='bbox 628 2068 747 2155; x_wconf 77' lang='grc' dir='ltr'><em>ἥλιος”</em></span> <span class='ocrx_word' id='word_1_147' title='bbox 760 2072 900 2135; x_wconf 69' lang='grc' dir='ltr'><em>ἐνταῦθα</em></span> <span class='ocrx_word' id='word_1_148' title='bbox 912 2067 974 2155; x_wconf 84' lang='grc' dir='ltr'><strong>γὰρ</strong></span> <span class='ocrx_word' id='word_1_149' title='bbox 989 2065 1172 2151; x_wconf 73' lang='grc' dir='ltr'><em>ὁμοιώσεως</em></span> <span class='ocrx_word' id='word_1_150' title='bbox 1193 2067 1276 2149; x_wconf 80' lang='grc' dir='ltr'><em>ἔσχε,</em></span> 
     </span>
     <span class='ocr_line' id='line_1_18' title="bbox 162 2168 1268 2261; baseline -0.006 -22"><span class='ocrx_word' id='word_1_151' title='bbox 162 2175 292 2261; x_wconf 82' lang='grc' dir='ltr'><em>τρόπον,</em></span> <span class='ocrx_word' id='word_1_152' title='bbox 314 2174 370 2239; x_wconf 87' lang='grc' dir='ltr'><strong>καί</strong></span> <span class='ocrx_word' id='word_1_153' title='bbox 391 2173 429 2237; x_wconf 79' lang='grc' dir='ltr'><strong>οὗ</strong></span> <span class='ocrx_word' id='word_1_154' title='bbox 449 2173 540 2257; x_wconf 79' lang='grc' dir='ltr'><em>μάλα</em></span> <span class='ocrx_word' id='word_1_155' title='bbox 561 2172 843 2259; x_wconf 77' lang='grc' dir='ltr'><em>ἀναμφισβήτητον</em></span> <span class='ocrx_word' id='word_1_156' title='bbox 864 2169 995 2255; x_wconf 80' lang='grc' dir='ltr'><em>ἔμεινεν,</em></span> <span class='ocrx_word' id='word_1_157' title='bbox 1012 2168 1079 2235; x_wconf 78' lang='grc' dir='ltr'><strong>οὐδ’</strong></span> <span class='ocrx_word' id='word_1_158' title='bbox 1095 2168 1184 2246; x_wconf 78' lang='grc' dir='ltr'><em>ἐκτὸς</em></span> <span class='ocrx_word' id='word_1_159' title='bbox 1204 2194 1268 2233; x_wconf 90' lang='grc' dir='ltr'><strong>πα-</strong></span> 
     </span>
     <span class='ocr_line' id='line_1_19' title="bbox 166 2272 1335 2361; baseline -0.003 -22"><span class='ocrx_word' id='word_1_160' title='bbox 166 2276 358 2361; x_wconf 80' lang='grc' dir='ltr'><em>ραλλάξεως.</em></span> <span class='ocrx_word' id='word_1_161' title='bbox 415 2272 526 2340; x_wconf 77' lang='grc' dir='ltr'><em>ὁποῖόν</em></span> <span class='ocrx_word' id='word_1_162' title='bbox 547 2275 614 2340; x_wconf 77' lang='grc' dir='ltr'><em>ἐστι</em></span> <span class='ocrx_word' id='word_1_163' title='bbox 645 2274 701 2338; x_wconf 84' lang='grc' dir='ltr'><strong>καί</strong></span> <span class='ocrx_word' id='word_1_164' title='bbox 731 2274 766 2338; x_wconf 82' lang='grc' dir='ltr'><strong>τὸ</strong></span> <span class='ocrx_word' id='word_1_165' title='bbox 789 2274 973 2360; x_wconf 77' lang='grc' dir='ltr'><em>προβληθὲν</em></span> <span class='ocrx_word' id='word_1_166' title='bbox 1004 2274 1037 2338; x_wconf 78' lang='grc' dir='ltr'><strong>ἐν</strong></span> <span class='ocrx_word' id='word_1_167' title='bbox 1068 2274 1115 2361; x_wconf 74' lang='grc' dir='ltr'><strong>τῷ</strong></span> <span class='ocrx_word' id='word_1_168' title='bbox 1135 2272 1335 2358; x_wconf 65' lang='lat' dir='ltr'><strong>nuptiarum</strong></span> 
     </span>
    </p>
   </div>
   <div class='ocr_carea' id='block_1_3' title="bbox 114 2474 1397 2870">
    <p class='ocr_par' dir='ltr' id='par_1_7' title="bbox 114 2474 1397 2870">
     <span class='ocr_line' id='line_1_20' title="bbox 114 2474 1270 2566; baseline -0.003 -25"><span class='ocrx_word' id='word_1_169' title='bbox 114 2477 240 2564; x_wconf 70' lang='lat' dir='ltr'><strong>wra&#39;sp</strong></span> <span class='ocrx_word' id='word_1_170' title='bbox 263 2475 407 2564; x_wconf 85' lang='grc' dir='ltr'><em>λέγοντος</em></span> <span class='ocrx_word' id='word_1_171' title='bbox 434 2476 704 2566; x_wconf 79' lang='grc' dir='ltr'><em>μιταμορφοίσει·</em></span> <span class='ocrx_word' id='word_1_172' title='bbox 756 2474 928 2562; x_wconf 73' lang='grc' dir='ltr'><em>ὁμοιότητα</em></span> <span class='ocrx_word' id='word_1_173' title='bbox 955 2475 1017 2566; x_wconf 87' lang='grc' dir='ltr'><strong>γάρ</strong></span> <span class='ocrx_word' id='word_1_174' title='bbox 1048 2478 1188 2541; x_wconf 72' lang='grc' dir='ltr'><em>ἐνταῦθα</em></span> <span class='ocrx_word' id='word_1_175' title='bbox 1215 2474 1270 2538; x_wconf 81' lang='grc' dir='ltr'><strong>καί</strong></span> 
     </span>
     <span class='ocr_line' id='line_1_21' title="bbox 165 2573 1270 2667; baseline -0.002 -25"><span class='ocrx_word' id='word_1_176' title='bbox 165 2576 203 2642; x_wconf 77' lang='grc' dir='ltr'><strong>οὐ</strong></span> <span class='ocrx_word' id='word_1_177' title='bbox 224 2579 402 2665; x_wconf 85' lang='grc' dir='ltr'><em>ταυτότητα</em></span> <span class='ocrx_word' id='word_1_178' title='bbox 424 2581 630 2664; x_wconf 77' lang='grc' dir='ltr'><em>σημαίνοιτο</em></span> <span class='ocrx_word' id='word_1_179' title='bbox 654 2578 753 2667; x_wconf 82' lang='grc' dir='ltr'><em>ῥῆμα,</em></span> <span class='ocrx_word' id='word_1_180' title='bbox 775 2579 832 2644; x_wconf 84' lang='grc' dir='ltr'><strong>καί</strong></span> <span class='ocrx_word' id='word_1_181' title='bbox 860 2579 1104 2666; x_wconf 80' lang='grc' dir='ltr'><em>ἀπαραλλαξίαν</em></span> <span class='ocrx_word' id='word_1_182' title='bbox 1126 2575 1211 2658; x_wconf 81' lang='grc' dir='ltr'><em>ἔχειν</em></span> <span class='ocrx_word' id='word_1_183' title='bbox 1234 2573 1270 2640; x_wconf 82' lang='grc' dir='ltr'><strong>οὗ</strong></span> 
     </span>
     <span class='ocr_line' id='line_1_22' title="bbox 165 2673 1292 2768; baseline 0.004 -24"><span class='ocrx_word' id='word_1_184' title='bbox 165 2679 315 2746; x_wconf 76' lang='grc' dir='ltr'><em>δύναται·</em></span> <span class='ocrx_word' id='word_1_185' title='bbox 360 2676 515 2767; x_wconf 71' lang='grc' dir='ltr'><em>οὔτεγὰρ</em></span> <span class='ocrx_word' id='word_1_186' title='bbox 538 2677 673 2768; x_wconf 82' lang='grc' dir='ltr'><em>ὅμοφυά</em></span> <span class='ocrx_word' id='word_1_187' title='bbox 692 2683 789 2748; x_wconf 81' lang='grc' dir='ltr'><em>ταυτί</em></span> <span class='ocrx_word' id='word_1_188' title='bbox 810 2675 884 2746; x_wconf 57' lang='grc' dir='ltr'><strong>οὔθ*</strong></span> <span class='ocrx_word' id='word_1_189' title='bbox 907 2673 1137 2767; x_wconf 64' lang='grc' dir='ltr'><em>ὁμογενῆ-οὔθ)</em></span> <span class='ocrx_word' id='word_1_190' title='bbox 1160 2675 1292 2763; x_wconf 62' lang='grc' dir='ltr'><em>ὅμοια,</em></span> 
     </span>
     <span class='ocr_line' id='line_1_23' title="bbox 165 2777 1397 2870; baseline 0.004 -24"><span class='ocrx_word' id='word_1_191' title='bbox 165 2781 224 2866; x_wconf 66' lang='lat' dir='ltr'><strong>tij-</strong></span> <span class='ocrx_word' id='word_1_192' title='bbox 270 2779 383 2859; x_wconf 79' lang='grc' dir='ltr'><em>οάσίας</em></span> <span class='ocrx_word' id='word_1_193' title='bbox 408 2782 468 2868; x_wconf 81' lang='grc' dir='ltr'><strong>μὲν</strong></span> <span class='ocrx_word' id='word_1_194' title='bbox 487 2780 550 2870; x_wconf 80' lang='grc' dir='ltr'><strong>γάρ</strong></span> <span class='ocrx_word' id='word_1_195' title='bbox 579 2778 600 2868; x_wconf 76' lang='grc' dir='ltr'><em>ἡ</em></span> <span class='ocrx_word' id='word_1_196' title='bbox 622 2783 798 2870; x_wconf 79' lang='grc' dir='ltr'><em>ταυτίτης,·</em></span> <span class='ocrx_word' id='word_1_197' title='bbox 815 2781 837 2869; x_wconf 82' lang='grc' dir='ltr'><em>ἦ</em></span> <span class='ocrx_word' id='word_1_198' title='bbox 856 2785 894 2850; x_wconf 79' lang='lat' dir='ltr'><strong>d’</strong></span> <span class='ocrx_word' id='word_1_199' title='bbox 916 2777 1063 2870; x_wconf 79' lang='grc' dir='ltr'><em>ἀμοιίιης</em></span> <span class='ocrx_word' id='word_1_200' title='bbox 1089 2781 1397 2868; x_wconf 61' lang='lat' dir='ltr'><strong>nordmanniae</strong></span> 
     </span>
    </p>
   </div>
   <div class='ocr_carea' id='block_1_4' title="bbox 79 3089 1365 4376">
    <p class='ocr_par' dir='ltr' id='par_1_8' title="bbox 79 3089 1365 4376">
     <span class='ocr_line' id='line_1_24' title="bbox 282 3089 1269 3162; baseline -0.001 -17"><span class='ocrx_word' id='word_1_201' title='bbox 282 3091 355 3145; x_wconf 83' lang='lat' dir='ltr'><strong>Duas</strong></span> <span class='ocrx_word' id='word_1_202' title='bbox 385 3092 470 3160; x_wconf 84' lang='lat' dir='ltr'><strong>igitur</strong></span> <span class='ocrx_word' id='word_1_203' title='bbox 499 3089 659 3159; x_wconf 84' lang='lat' dir='ltr'><strong>protulimus</strong></span> <span class='ocrx_word' id='word_1_204' title='bbox 693 3093 893 3162; x_wconf 73' lang='lat' dir='ltr'><strong>oppositionum</strong></span> <span class='ocrx_word' id='word_1_205' title='bbox 919 3099 1066 3146; x_wconf 80' lang='lat' dir='ltr'><strong>vestrarum</strong></span> <span class='ocrx_word' id='word_1_206' title='bbox 1092 3093 1269 3151; x_wconf 77' lang='lat' dir='ltr'><strong>rulatationes</strong></span> 
     </span>
     <span class='ocr_line' id='line_1_25' title="bbox 163 3163 1269 3236; baseline -0.001 -19"><span class='ocrx_word' id='word_1_207' title='bbox 163 3165 259 3236; x_wconf 84' lang='lat' dir='ltr'><strong>paucis</strong></span> <span class='ocrx_word' id='word_1_208' title='bbox 279 3164 381 3228; x_wconf 82' lang='lat' dir='ltr'><strong>verbio,</strong></span> <span class='ocrx_word' id='word_1_209' title='bbox 400 3164 481 3216; x_wconf 83' lang='lat' dir='ltr'><strong>tertia</strong></span> <span class='ocrx_word' id='word_1_210' title='bbox 500 3179 571 3214; x_wconf 88' lang='lat' dir='ltr'><strong>nunc</strong></span> <span class='ocrx_word' id='word_1_211' title='bbox 592 3173 634 3216; x_wconf 84' lang='lat' dir='ltr'><strong>est</strong></span> <span class='ocrx_word' id='word_1_212' title='bbox 647 3180 718 3233; x_wconf 91' lang='lat' dir='ltr'><strong>quae</strong></span> <span class='ocrx_word' id='word_1_213' title='bbox 737 3166 856 3231; x_wconf 77' lang='lat' dir='ltr'><strong>pertinet</strong></span> <span class='ocrx_word' id='word_1_214' title='bbox 874 3165 907 3216; x_wconf 87' lang='lat' dir='ltr'><strong>ad</strong></span> <span class='ocrx_word' id='word_1_215' title='bbox 925 3164 1090 3230; x_wconf 90' lang='lat' dir='ltr'><strong>lectionem,</strong></span> <span class='ocrx_word' id='word_1_216' title='bbox 1116 3165 1175 3216; x_wconf 91' lang='lat' dir='ltr'><strong>dico</strong></span> <span class='ocrx_word' id='word_1_217' title='bbox 1202 3163 1269 3216; x_wconf 90' lang='lat' dir='ltr'><strong>illud</strong></span> 
     </span>
     <span class='ocr_line' id='line_1_26' title="bbox 164 3234 1269 3303; baseline -0.003 -15"><span class='ocrx_word' id='word_1_218' title='bbox 164 3239 204 3298; x_wconf 71' lang='grc' dir='ltr'><strong>ὥς</strong></span> <span class='ocrx_word' id='word_1_219' title='bbox 230 3235 447 3303; x_wconf 73' lang='lat' dir='ltr'><strong>monosyllabum</strong></span> <span class='ocrx_word' id='word_1_220' title='bbox 474 3235 597 3303; x_wconf 87' lang='lat' dir='ltr'><strong>quidem,</strong></span> <span class='ocrx_word' id='word_1_221' title='bbox 620 3236 668 3287; x_wconf 92' lang='lat' dir='ltr'><strong>sed</strong></span> <span class='ocrx_word' id='word_1_222' title='bbox 691 3237 835 3302; x_wconf 77' lang='lat' dir='ltr'><strong>ancipitem</strong></span> <span class='ocrx_word' id='word_1_223' title='bbox 865 3244 892 3288; x_wconf 88' lang='lat' dir='ltr'><strong>et</strong></span> <span class='ocrx_word' id='word_1_224' title='bbox 918 3235 1009 3288; x_wconf 86' lang='lat' dir='ltr'><strong>multis</strong></span> <span class='ocrx_word' id='word_1_225' title='bbox 1033 3251 1092 3293; x_wconf 86' lang='lat' dir='ltr'><strong>cum</strong></span> <span class='ocrx_word' id='word_1_226' title='bbox 1115 3234 1269 3287; x_wconf 88' lang='lat' dir='ltr'><strong>notionibus</strong></span> 
     </span>
     <span class='ocr_line' id='line_1_27' title="bbox 80 3305 1269 3377; baseline -0.005 -16"><span class='ocrx_word' id='word_1_227' title='bbox 80 3372 81 3377; x_wconf 11' lang='grc' dir='ltr'><em>ρ</em></span> <span class='ocrx_word' id='word_1_228' title='bbox 164 3309 347 3362; x_wconf 89' lang='lat' dir='ltr'><strong>coniunctum.</strong></span> <span class='ocrx_word' id='word_1_229' title='bbox 387 3307 502 3372; x_wconf 81' lang='lat' dir='ltr'><strong>Quarum</strong></span> <span class='ocrx_word' id='word_1_230' title='bbox 522 3305 653 3374; x_wconf 90' lang='lat' dir='ltr'><strong>pleraque</strong></span> <span class='ocrx_word' id='word_1_231' title='bbox 671 3307 816 3358; x_wconf 87' lang='lat' dir='ltr'><strong>tradendae</strong></span> <span class='ocrx_word' id='word_1_232' title='bbox 840 3313 902 3360; x_wconf 85' lang='lat' dir='ltr'><strong>sunt</strong></span> <span class='ocrx_word' id='word_1_233' title='bbox 919 3308 1098 3376; x_wconf 75' lang='lat' dir='ltr'><strong>grammaticis</strong></span> <span class='ocrx_word' id='word_1_234' title='bbox 1124 3315 1153 3358; x_wconf 91' lang='lat' dir='ltr'><strong>ut</strong></span> <span class='ocrx_word' id='word_1_235' title='bbox 1174 3305 1269 3374; x_wconf 88' lang='lat' dir='ltr'><strong>quibus</strong></span> 
     </span>
     <span class='ocr_line' id='line_1_28' title="bbox 80 3377 1365 3444; baseline -0.006 -10"><span class='ocrx_word' id='word_1_236' title='bbox 80 3390 81 3393; x_wconf 78' lang='grc'>’</span> <span class='ocrx_word' id='word_1_237' title='bbox 162 3382 217 3434; x_wconf 88' lang='lat' dir='ltr'><strong>bae</strong></span> <span class='ocrx_word' id='word_1_238' title='bbox 236 3381 269 3432; x_wconf 90' lang='lat' dir='ltr'><strong>ad</strong></span> <span class='ocrx_word' id='word_1_239' title='bbox 286 3395 343 3431; x_wconf 89' lang='lat' dir='ltr'><strong>rem</strong></span> <span class='ocrx_word' id='word_1_240' title='bbox 361 3379 453 3430; x_wconf 86' lang='lat' dir='ltr'><strong>lacere</strong></span> <span class='ocrx_word' id='word_1_241' title='bbox 471 3377 622 3429; x_wconf 80' lang='lat' dir='ltr'><strong>videantur.</strong></span> <span class='ocrx_word' id='word_1_242' title='bbox 647 3379 726 3429; x_wconf 92' lang='lat' dir='ltr'><strong>nobis</strong></span> <span class='ocrx_word' id='word_1_243' title='bbox 737 3380 802 3430; x_wconf 88' lang='lat' dir='ltr'><strong>satis</strong></span> <span class='ocrx_word' id='word_1_244' title='bbox 823 3387 864 3430; x_wconf 84' lang='lat' dir='ltr'><strong>eat</strong></span> <span class='ocrx_word' id='word_1_245' title='bbox 878 3379 909 3430; x_wconf 87' lang='lat' dir='ltr'><strong>ad</strong></span> <span class='ocrx_word' id='word_1_246' title='bbox 920 3380 1069 3430; x_wconf 87' lang='lat' dir='ltr'><strong>divinarum</strong></span> <span class='ocrx_word' id='word_1_247' title='bbox 1080 3378 1270 3444; x_wconf 87' lang='lat' dir='ltr'><strong>scripturarum</strong></span> <span class='ocrx_word' id='word_1_248' title='bbox 1360 3406 1365 3414; x_wconf 88' lang='lat'>·</span> 
     </span>
     <span class='ocr_line' id='line_1_29' title="bbox 163 3448 1271 3517; baseline -0.007 -14"><span class='ocrx_word' id='word_1_249' title='bbox 163 3454 328 3517; x_wconf 83' lang='lat' dir='ltr'><strong>interpretes</strong></span> <span class='ocrx_word' id='word_1_250' title='bbox 353 3465 506 3501; x_wconf 86' lang='lat' dir='ltr'><strong>recurrere.</strong></span> <span class='ocrx_word' id='word_1_251' title='bbox 548 3449 627 3500; x_wconf 89' lang='lat' dir='ltr'><strong>modo</strong></span> <span class='ocrx_word' id='word_1_252' title='bbox 654 3450 724 3502; x_wconf 86' lang='lat' dir='ltr'><strong>enim</strong></span> <span class='ocrx_word' id='word_1_253' title='bbox 753 3450 926 3502; x_wconf 82' lang='lat' dir='ltr'><strong>confirmandi</strong></span> <span class='ocrx_word' id='word_1_254' title='bbox 951 3452 1005 3502; x_wconf 86' lang='lat' dir='ltr'><strong>vim</strong></span> <span class='ocrx_word' id='word_1_255' title='bbox 1031 3449 1111 3501; x_wconf 90' lang='lat' dir='ltr'><strong>habet</strong></span> <span class='ocrx_word' id='word_1_256' title='bbox 1135 3457 1161 3500; x_wconf 87' lang='lat' dir='ltr'><strong>et</strong></span> <span class='ocrx_word' id='word_1_257' title='bbox 1178 3448 1271 3499; x_wconf 89' lang='lat' dir='ltr'><strong>notio.</strong></span> 
     </span>
     <span class='ocr_line' id='line_1_30' title="bbox 163 3519 1271 3589; baseline -0.005 -14"><span class='ocrx_word' id='word_1_258' title='bbox 163 3537 227 3575; x_wconf 89' lang='lat' dir='ltr'><strong>nem</strong></span> <span class='ocrx_word' id='word_1_259' title='bbox 246 3538 315 3589; x_wconf 91' lang='lat' dir='ltr'><strong>quae</strong></span> <span class='ocrx_word' id='word_1_260' title='bbox 334 3521 427 3574; x_wconf 87' lang='lat' dir='ltr'><strong>subest</strong></span> <span class='ocrx_word' id='word_1_261' title='bbox 445 3519 635 3587; x_wconf 83' lang='lat' dir='ltr'><strong>amplificandi.</strong></span> <span class='ocrx_word' id='word_1_262' title='bbox 680 3522 759 3572; x_wconf 87' lang='lat' dir='ltr'><strong>modo</strong></span> <span class='ocrx_word' id='word_1_263' title='bbox 787 3521 988 3573; x_wconf 88' lang='lat' dir='ltr'><strong>similitudinem</strong></span> <span class='ocrx_word' id='word_1_264' title='bbox 1014 3529 1060 3577; x_wconf 88' lang='lat' dir='ltr'><strong>aut</strong></span> <span class='ocrx_word' id='word_1_265' title='bbox 1079 3520 1271 3572; x_wconf 82' lang='lat' dir='ltr'><strong>dubitationem</strong></span> 
     </span>
     <span class='ocr_line' id='line_1_31' title="bbox 79 3591 1271 3660; baseline -0.006 -13"><span class='ocrx_word' id='word_1_266' title='bbox 79 3595 82 3609; x_wconf 85' lang='lat'>&#39;</span> <span class='ocrx_word' id='word_1_267' title='bbox 164 3593 301 3658; x_wconf 79' lang='lat' dir='ltr'><strong>siguificat</strong></span> <span class='ocrx_word' id='word_1_268' title='bbox 317 3600 344 3643; x_wconf 89' lang='lat' dir='ltr'><strong>et</strong></span> <span class='ocrx_word' id='word_1_269' title='bbox 360 3593 388 3644; x_wconf 92' lang='lat' dir='ltr'><strong>id</strong></span> <span class='ocrx_word' id='word_1_270' title='bbox 407 3592 478 3660; x_wconf 88' lang='lat' dir='ltr'><strong>quod</strong></span> <span class='ocrx_word' id='word_1_271' title='bbox 493 3592 630 3644; x_wconf 83' lang='lat' dir='ltr'><strong>admodum</strong></span> <span class='ocrx_word' id='word_1_272' title='bbox 652 3592 783 3643; x_wconf 88' lang='lat' dir='ltr'><strong>incertum</strong></span> <span class='ocrx_word' id='word_1_273' title='bbox 805 3601 853 3644; x_wconf 86' lang='lat' dir='ltr'><strong>est.</strong></span> <span class='ocrx_word' id='word_1_274' title='bbox 892 3607 1003 3660; x_wconf 87' lang='lat' dir='ltr'><strong>quorum</strong></span> <span class='ocrx_word' id='word_1_275' title='bbox 1016 3592 1139 3659; x_wconf 84' lang='lat' dir='ltr'><strong>exempla</strong></span> <span class='ocrx_word' id='word_1_276' title='bbox 1158 3591 1228 3644; x_wconf 90' lang='lat' dir='ltr'><strong>hunc</strong></span> <span class='ocrx_word' id='word_1_277' title='bbox 1243 3591 1271 3640; x_wconf 88' lang='lat' dir='ltr'><strong>in</strong></span> 
     </span>
     <span class='ocr_line' id='line_1_32' title="bbox 164 3659 1271 3731; baseline -0.004 -18"><span class='ocrx_word' id='word_1_278' title='bbox 164 3671 291 3730; x_wconf 91' lang='lat' dir='ltr'><strong>promptu</strong></span> <span class='ocrx_word' id='word_1_279' title='bbox 310 3671 388 3727; x_wconf 82' lang='lat' dir='ltr'><strong>sunt3</strong></span> <span class='ocrx_word' id='word_1_280' title='bbox 406 3663 452 3714; x_wconf 91' lang='lat' dir='ltr'><strong>ubi</strong></span> <span class='ocrx_word' id='word_1_281' title='bbox 471 3664 718 3715; x_wconf 79' lang='lat' dir='ltr'><strong>confirmandivim</strong></span> <span class='ocrx_word' id='word_1_282' title='bbox 737 3672 783 3715; x_wconf 91' lang='lat' dir='ltr'><strong>aut</strong></span> <span class='ocrx_word' id='word_1_283' title='bbox 810 3665 929 3716; x_wconf 83' lang='lat' dir='ltr'><strong>notionis</strong></span> <span class='ocrx_word' id='word_1_284' title='bbox 951 3679 1020 3731; x_wconf 89' lang='lat' dir='ltr'><strong>quae</strong></span> <span class='ocrx_word' id='word_1_285' title='bbox 1042 3663 1134 3715; x_wconf 86' lang='lat' dir='ltr'><strong>subest</strong></span> <span class='ocrx_word' id='word_1_286' title='bbox 1154 3659 1271 3728; x_wconf 88' lang='lat' dir='ltr'><strong>amplill.</strong></span> 
     </span>
     <span class='ocr_line' id='line_1_33' title="bbox 166 3733 1270 3803; baseline 0 -19"><span class='ocrx_word' id='word_1_287' title='bbox 166 3733 268 3784; x_wconf 88' lang='lat' dir='ltr'><strong>candae</strong></span> <span class='ocrx_word' id='word_1_288' title='bbox 288 3733 387 3785; x_wconf 62' lang='lat' dir='ltr'><strong>babet:</strong></span> <span class='ocrx_word' id='word_1_289' title='bbox 407 3734 539 3799; x_wconf 84' lang='lat' dir='ltr'><strong>„vidimus</strong></span> <span class='ocrx_word' id='word_1_290' title='bbox 558 3733 672 3802; x_wconf 81' lang='lat' dir='ltr'><strong>gloriam</strong></span> <span class='ocrx_word' id='word_1_291' title='bbox 687 3736 755 3798; x_wconf 85' lang='lat' dir='ltr'><strong>eius,</strong></span> <span class='ocrx_word' id='word_1_292' title='bbox 774 3734 889 3803; x_wconf 82' lang='lat' dir='ltr'><strong>gloriam</strong></span> <span class='ocrx_word' id='word_1_293' title='bbox 905 3735 982 3802; x_wconf 83' lang='lat' dir='ltr'><strong>quasi</strong></span> <span class='ocrx_word' id='word_1_294' title='bbox 1001 3735 1133 3802; x_wconf 88' lang='lat' dir='ltr'><strong>unigeniti</strong></span> <span class='ocrx_word' id='word_1_295' title='bbox 1152 3741 1270 3800; x_wconf 79' lang='lat' dir='ltr'><strong>epatre,</strong></span> 
     </span>
     <span class='ocr_line' id='line_1_34' title="bbox 79 3804 1270 3874; baseline -0.002 -18"><span class='ocrx_word' id='word_1_296' title='bbox 79 3808 82 3827; x_wconf 81' lang='lat'><strong>¹</strong></span> <span class='ocrx_word' id='word_1_297' title='bbox 164 3805 194 3856; x_wconf 92' lang='lat' dir='ltr'><strong>in</strong></span> <span class='ocrx_word' id='word_1_298' title='bbox 213 3819 293 3855; x_wconf 88' lang='lat' dir='ltr'><strong>carue</strong></span> <span class='ocrx_word' id='word_1_299' title='bbox 320 3804 429 3856; x_wconf 88' lang='lat' dir='ltr'><strong>scilicet</strong></span> <span class='ocrx_word' id='word_1_300' title='bbox 459 3804 618 3855; x_wconf 88' lang='lat' dir='ltr'><strong>occultatam</strong></span> <span class='ocrx_word' id='word_1_301' title='bbox 643 3805 691 3857; x_wconf 89' lang='lat' dir='ltr'><strong>sed</strong></span> <span class='ocrx_word' id='word_1_302' title='bbox 716 3809 792 3874; x_wconf 88' lang='lat' dir='ltr'><strong>quasi</strong></span> <span class='ocrx_word' id='word_1_303' title='bbox 817 3822 847 3857; x_wconf 91' lang='lat' dir='ltr'><strong>re</strong></span> <span class='ocrx_word' id='word_1_304' title='bbox 873 3821 939 3858; x_wconf 83' lang='lat' dir='ltr'><strong>vera</strong></span> <span class='ocrx_word' id='word_1_305' title='bbox 958 3806 1091 3873; x_wconf 83' lang='lat' dir='ltr'><strong>unigeniti</strong></span> <span class='ocrx_word' id='word_1_306' title='bbox 1122 3813 1149 3856; x_wconf 91' lang='lat' dir='ltr'><strong>et</strong></span> <span class='ocrx_word' id='word_1_307' title='bbox 1168 3804 1270 3872; x_wconf 87' lang='lat' dir='ltr'><strong>proprii</strong></span> 
     </span>
     <span class='ocr_line' id='line_1_35' title="bbox 164 3874 1280 3942; baseline -0.002 -14"><span class='ocrx_word' id='word_1_308' title='bbox 164 3874 217 3928; x_wconf 85' lang='lat' dir='ltr'><strong>lilii</strong></span> <span class='ocrx_word' id='word_1_309' title='bbox 245 3883 273 3925; x_wconf 92' lang='lat' dir='ltr'><strong>et</strong></span> <span class='ocrx_word' id='word_1_310' title='bbox 297 3875 374 3926; x_wconf 84' lang='lat' dir='ltr'><strong>verbi</strong></span> <span class='ocrx_word' id='word_1_311' title='bbox 405 3875 449 3925; x_wconf 85' lang='lat' dir='ltr'><strong>dei</strong></span> <span class='ocrx_word' id='word_1_312' title='bbox 475 3891 524 3942; x_wconf 91' lang='lat' dir='ltr'><strong>per</strong></span> <span class='ocrx_word' id='word_1_313' title='bbox 540 3876 673 3927; x_wconf 84' lang='lat' dir='ltr'><strong>mirabilia</strong></span> <span class='ocrx_word' id='word_1_314' title='bbox 699 3877 770 3929; x_wconf 84' lang='lat' dir='ltr'><strong>lacta</strong></span> <span class='ocrx_word' id='word_1_315' title='bbox 795 3875 956 3929; x_wconf 88' lang='lat' dir='ltr'><strong>declarati.”</strong></span> <span class='ocrx_word' id='word_1_316' title='bbox 993 3877 1115 3928; x_wconf 85' lang='lat' dir='ltr'><strong>notionis</strong></span> <span class='ocrx_word' id='word_1_317' title='bbox 1144 3876 1280 3928; x_wconf 76' lang='lat' dir='ltr'><strong>alteriuot&#39;</strong></span> 
     </span>
     <span class='ocr_line' id='line_1_36' title="bbox 79 3945 1270 4019; baseline -0.001 -21"><span class='ocrx_word' id='word_1_318' title='bbox 79 3954 82 4019; x_wconf 63' lang='grc' dir='ltr'><em>ζ</em></span> <span class='ocrx_word' id='word_1_319' title='bbox 163 3945 344 4012; x_wconf 85' lang='lat' dir='ltr'><strong>„splendebat</strong></span> <span class='ocrx_word' id='word_1_320' title='bbox 362 3945 447 3996; x_wconf 85' lang='lat' dir='ltr'><strong>iacies</strong></span> <span class='ocrx_word' id='word_1_321' title='bbox 467 3947 525 3997; x_wconf 90' lang='lat' dir='ltr'><strong>eiua</strong></span> <span class='ocrx_word' id='word_1_322' title='bbox 544 3948 614 3998; x_wconf 90' lang='lat' dir='ltr'><strong>sicut</strong></span> <span class='ocrx_word' id='word_1_323' title='bbox 632 3947 704 3999; x_wconf 89' lang='lat' dir='ltr'><strong>sol.”</strong></span> <span class='ocrx_word' id='word_1_324' title='bbox 741 3949 787 4000; x_wconf 90' lang='lat' dir='ltr'><strong>ubi</strong></span> <span class='ocrx_word' id='word_1_325' title='bbox 807 3947 990 4001; x_wconf 87' lang='lat' dir='ltr'><strong>similitudinis</strong></span> <span class='ocrx_word' id='word_1_326' title='bbox 1017 3949 1146 4000; x_wconf 88' lang='lat' dir='ltr'><strong>rationem</strong></span> <span class='ocrx_word' id='word_1_327' title='bbox 1165 3947 1270 4014; x_wconf 85' lang='lat' dir='ltr'><strong>recepit</strong></span> 
     </span>
     <span class='ocr_line' id='line_1_37' title="bbox 80 4015 1269 4088; baseline 0 -19"><span class='ocrx_word' id='word_1_328' title='bbox 80 4022 81 4043; x_wconf 66' lang='lat'>¹</span> <span class='ocrx_word' id='word_1_329' title='bbox 162 4033 217 4071; x_wconf 87' lang='lat' dir='ltr'><strong>mec</strong></span> <span class='ocrx_word' id='word_1_330' title='bbox 245 4015 326 4069; x_wconf 83' lang='lat' dir='ltr'><strong>valde</strong></span> <span class='ocrx_word' id='word_1_331' title='bbox 351 4017 483 4067; x_wconf 85' lang='lat' dir='ltr'><strong>incertum</strong></span> <span class='ocrx_word' id='word_1_332' title='bbox 513 4025 570 4067; x_wconf 88' lang='lat' dir='ltr'><strong>erat</strong></span> <span class='ocrx_word' id='word_1_333' title='bbox 599 4033 651 4068; x_wconf 92' lang='lat' dir='ltr'><strong>nec</strong></span> <span class='ocrx_word' id='word_1_334' title='bbox 679 4027 755 4070; x_wconf 87' lang='lat' dir='ltr'><strong>extra</strong></span> <span class='ocrx_word' id='word_1_335' title='bbox 785 4035 904 4071; x_wconf 88' lang='lat' dir='ltr'><strong>errorem</strong></span> <span class='ocrx_word' id='word_1_336' title='bbox 923 4018 1003 4088; x_wconf 88' lang='lat' dir='ltr'><strong>quale</strong></span> <span class='ocrx_word' id='word_1_337' title='bbox 1033 4027 1074 4071; x_wconf 90' lang='lat' dir='ltr'><strong>est</strong></span> <span class='ocrx_word' id='word_1_338' title='bbox 1094 4020 1172 4070; x_wconf 88' lang='lat' dir='ltr'><strong>etiam</strong></span> <span class='ocrx_word' id='word_1_339' title='bbox 1191 4027 1269 4070; x_wconf 88' lang='lat' dir='ltr'><strong>autea</strong></span> 
     </span>
     <span class='ocr_line' id='line_1_38' title="bbox 163 4087 1270 4160; baseline 0 -20"><span class='ocrx_word' id='word_1_340' title='bbox 163 4087 299 4158; x_wconf 89' lang='lat' dir='ltr'><strong>prolatum</strong></span> <span class='ocrx_word' id='word_1_341' title='bbox 319 4089 375 4141; x_wconf 85' lang='lat' dir='ltr'><strong>divi</strong></span> <span class='ocrx_word' id='word_1_342' title='bbox 388 4087 512 4154; x_wconf 71' lang='lat' dir='ltr'><strong>Dionysii</strong></span> <span class='ocrx_word' id='word_1_343' title='bbox 527 4087 645 4139; x_wconf 79' lang='lat' dir='ltr'><strong>verbani</strong></span> <span class='ocrx_word' id='word_1_344' title='bbox 653 4088 731 4153; x_wconf 87' lang='lat' dir='ltr'><strong>illud,</strong></span> <span class='ocrx_word' id='word_1_345' title='bbox 748 4091 794 4142; x_wconf 90' lang='lat' dir='ltr'><strong>ubi</strong></span> <span class='ocrx_word' id='word_1_346' title='bbox 815 4091 896 4142; x_wconf 82' lang='lat' dir='ltr'><strong>dicit:</strong></span> <span class='ocrx_word' id='word_1_347' title='bbox 914 4099 1057 4160; x_wconf 85' lang='lat' dir='ltr'><strong>„tanquam</strong></span> <span class='ocrx_word' id='word_1_348' title='bbox 1075 4091 1222 4158; x_wconf 88' lang='lat' dir='ltr'><strong>discipulos</strong></span> <span class='ocrx_word' id='word_1_349' title='bbox 1242 4090 1270 4140; x_wconf 88' lang='lat' dir='ltr'><strong>in</strong></span> 
     </span>
     <span class='ocr_line' id='line_1_39' title="bbox 163 4159 1269 4228; baseline -0.003 -14"><span class='ocrx_word' id='word_1_350' title='bbox 163 4161 257 4214; x_wconf 74' lang='lat' dir='ltr'><strong>divina</strong></span> <span class='ocrx_word' id='word_1_351' title='bbox 275 4159 325 4211; x_wconf 92' lang='lat' dir='ltr'><strong>illa</strong></span> <span class='ocrx_word' id='word_1_352' title='bbox 342 4159 609 4226; x_wconf 81' lang='lat' dir='ltr'><strong>transligumtione.&#39;&#39;</strong></span> <span class='ocrx_word' id='word_1_353' title='bbox 646 4160 848 4214; x_wconf 84' lang='lat' dir='ltr'><strong>similitudinem</strong></span> <span class='ocrx_word' id='word_1_354' title='bbox 875 4163 945 4213; x_wconf 89' lang='lat' dir='ltr'><strong>enim</strong></span> <span class='ocrx_word' id='word_1_355' title='bbox 964 4165 1073 4228; x_wconf 89' lang='lat' dir='ltr'><strong>ibidem,</strong></span> <span class='ocrx_word' id='word_1_356' title='bbox 1094 4178 1148 4214; x_wconf 87' lang='lat' dir='ltr'><strong>nou</strong></span> <span class='ocrx_word' id='word_1_357' title='bbox 1168 4161 1269 4217; x_wconf 88' lang='lat' dir='ltr'><strong>identi-</strong></span> 
     </span>
     <span class='ocr_line' id='line_1_40' title="bbox 162 4229 1270 4302; baseline -0.005 -17"><span class='ocrx_word' id='word_1_358' title='bbox 162 4241 246 4286; x_wconf 87' lang='lat' dir='ltr'><strong>tatem</strong></span> <span class='ocrx_word' id='word_1_359' title='bbox 263 4232 399 4301; x_wconf 85' lang='lat' dir='ltr'><strong>significat</strong></span> <span class='ocrx_word' id='word_1_360' title='bbox 417 4229 485 4282; x_wconf 89' lang='lat' dir='ltr'><strong>baec</strong></span> <span class='ocrx_word' id='word_1_361' title='bbox 503 4245 558 4283; x_wconf 79' lang='lat' dir='ltr'><strong>vox</strong></span> <span class='ocrx_word' id='word_1_362' title='bbox 574 4240 627 4282; x_wconf 83' lang='lat' dir='ltr'><strong>uec</strong></span> <span class='ocrx_word' id='word_1_363' title='bbox 647 4246 765 4284; x_wconf 89' lang='lat' dir='ltr'><strong>errorem</strong></span> <span class='ocrx_word' id='word_1_364' title='bbox 784 4233 887 4286; x_wconf 80' lang='lat' dir='ltr'><strong>inferre</strong></span> <span class='ocrx_word' id='word_1_365' title='bbox 906 4241 1006 4302; x_wconf 87' lang='lat' dir='ltr'><strong>potest.</strong></span> <span class='ocrx_word' id='word_1_366' title='bbox 1042 4233 1110 4286; x_wconf 91' lang='lat' dir='ltr'><strong>haec</strong></span> <span class='ocrx_word' id='word_1_367' title='bbox 1130 4235 1199 4286; x_wconf 90' lang='lat' dir='ltr'><strong>enim</strong></span> <span class='ocrx_word' id='word_1_368' title='bbox 1218 4245 1270 4282; x_wconf 87' lang='lat' dir='ltr'><strong>neo</strong></span> 
     </span>
     <span class='ocr_line' id='line_1_41' title="bbox 79 4303 1269 4376; baseline -0.003 -16"><span class='ocrx_word' id='word_1_369' title='bbox 79 4312 81 4323; x_wconf 69' lang='lat'><strong><em>⁴</em></strong></span> <span class='ocrx_word' id='word_1_370' title='bbox 163 4304 285 4360; x_wconf 88' lang='lat' dir='ltr'><strong>eiusdem</strong></span> <span class='ocrx_word' id='word_1_371' title='bbox 312 4311 425 4356; x_wconf 80' lang='lat' dir='ltr'><strong>naturae</strong></span> <span class='ocrx_word' id='word_1_372' title='bbox 454 4317 506 4355; x_wconf 86' lang='lat' dir='ltr'><strong>nac</strong></span> <span class='ocrx_word' id='word_1_373' title='bbox 538 4304 649 4372; x_wconf 84' lang='lat' dir='ltr'><strong>generis</strong></span> <span class='ocrx_word' id='word_1_374' title='bbox 672 4319 726 4358; x_wconf 84' lang='lat' dir='ltr'><strong>nac</strong></span> <span class='ocrx_word' id='word_1_375' title='bbox 751 4306 856 4374; x_wconf 84' lang='lat' dir='ltr'><strong>speciei</strong></span> <span class='ocrx_word' id='word_1_376' title='bbox 883 4314 954 4360; x_wconf 87' lang='lat' dir='ltr'><strong>sunt.</strong></span> <span class='ocrx_word' id='word_1_377' title='bbox 1004 4306 1140 4361; x_wconf 84' lang='lat' dir='ltr'><strong>essentiae</strong></span> <span class='ocrx_word' id='word_1_378' title='bbox 1164 4303 1269 4376; x_wconf 83' lang='lat' dir='ltr'><strong>quidem</strong></span> 
     </span>
    </p>
   </div>
   <div class='ocr_carea' id='block_1_5' title="bbox 0 0 1599 5100">
    <p class='ocr_par' dir='ltr' id='par_1_9' title="bbox 0 0 1599 5100">
     <span class='ocr_line' id='line_1_42' title="bbox 0 0 1599 5100; baseline 0 0"><span class='ocrx_word' id='word_1_379' title='bbox 0 0 1599 5100; x_wconf 95' lang='lat' dir='ltr'><strong> </strong></span> 
     </span>
    </p>
   </div>
  </div>
 </body>
</html>
