3184 5100
270 415 494 492 nrsronnta
522 417 780 492 nmtnnmn
803 425 913 493 rxn.
931 409 1116 498 sa-ta.
1205 417 1257 499 tt

149 582 298 671 όλληλαιν
320 587 562 669 διαζευχθείοαι
583 587 664 652 κατό
682 575 779 655 πλείω
801 590 856 654 καί
878 587 958 674 ἥττω
972 616 1008 675 ys
1031 594 1126 679 μέρη,
1142 592 1181 660 αέ
1196 596 1257 675 μὲν

149 683 182 762 ἐς
208 684 341 770 Κρητην
362 688 655 770 παλινδρομοόσιν,
693 689 731 754 αἳ
757 693 792 754 dd
815 695 854 778 τῇ
875 691 996 784 Εὖβοίρι
1029 691 1256 776 προσιόκειλαν,

150 787 187 854 αλ
206 790 241 851 δὲ
263 789 324 852 τοόν
338 785 517 852 Κυκλάδων
538 784 663 872 ἥψαντο
677 791 800 880 μησων.
844 791 926 856 ἔνιαι
950 796 984 858 dd
1008 793 1064 858 καί
1081 792 1254 877 α’ποόλοντο,

147 888 288 973 βρόχεσι
310 891 365 952 καί
384 887 574 970 τεναγοόόεσι
593 886 702 967 τόποις
723 890 834 966 νυκτός
855 893 1139 979 προσρηγνόμεναι.
1184 898 1256 961 ἐπεί

125 991 180 1054 bd’
205 991 239 1064 ἐς
271 989 421 1053 Βενετίαν
449 991 561 1072 σφίσιν
582 986 742 1056 ἐπανιέναι
774 992 831 1056 ουίι
860 987 898 1076 ἦν
921 991 970 1078 (τό
998 994 1059 1082 γὰρ
1082 990 1167 1075 ἅπαξ
1188 998 1258 1060 ἐκεῖ

149 1093 187 1178 τῇ
212 1092 315 1173 βουλῇ
343 1092 488 1173 κυρωθὲν
516 1083 619 1154 όλυτα
651 1089 751 1173 νόμου
782 1095 935 1176 ἰσχύοντα
967 1089 1048 1159 εἶναι
1070 1100 1252 1179 συμβαίνει,

148 1189 231 1258 εἶναι
254 1194 283 1256 δ’
306 1191 410 1265 αότοῖς
433 1191 555 1254 ἐκεῖθεν
577 1197 848 1276 προστεταγμένον
867 1197 968 1275 Ιόυοίν
988 1195 1137 1280 θότερου,
1161 1190 1182 1280 ἢ
1203 1221 1253 1260 νι-

148 1291 248 1376 ιιητός
270 1294 432 1357 ἐπανιέναι
454 1293 517 1356 ταῖν
539 1296 706 1374 πολεμίων,
728 1289 749 1378 ἢ
774 1297 931 1376 πολεμίοις
954 1289 1023 1378 όμα
1045 1295 1166 1374 πόντος
1189 1295 1257 1362 ἐκεῖ

149 1395 313 1480 σφαγῆναι
333 1390 451 1477 χερσί,
484 1398 526 1482 τῷ
549 1395 576 1456 d'
599 1389 702 1469 ἄλλως
728 1395 886 1461 ἐπανιόντι
917 1397 1060 1463 θόνατον
1087 1395 1169 1464 εἶναι
1197 1395 1252 1466 τόν
1329 1401 1334 1407 ”

112 1508 139 1560 10
150 1494 317 1578 αἴσχιστον
342 1495 559 1581 τούπιτίμιον,
587 1493 709 1581 όπόσης
739 1493 929 1584 προφάσεως
959 1501 1031 1566 λίαν
1054 1500 1253 1586 ὑπέρτερον),

149 1599 194 1671 είς
215 1592 355 1678 α’νόγκας
375 1586 473 1681 ᾔεσαν
488 1590 611 1661 ἅπασαι
633 1595 691 1671 τός
712 1597 824 1682 ατίτός,
846 1599 928 1664 edei
943 1603 1126 1680 Βυζαντίου
1151 1603 1252 1666 ἐλατί-

149 1721 213 1761 νειν
237 1692 456 1794 ἑκασταχόθεν
471 1695 599 1774 όπιέσας
619 1699 652 1762 ἐν
673 1697 767 1786 ὁμοίᾳ
781 1702 819 1788 τῇ
839 1697 960 1788 χνυόμη.
1004 1705 1122 1786 συνέβη
1143 1705 1328 1770 τοίνυνιθ.

149 1800 279 1880 συχνιόν
301 1793 426 1881 ἧμεροόν
446 1796 612 1882 σποράδας
634 1801 813 1884 ἠθροῖσθαι
833 1800 974 1885 τριήρεις
995 1804 1029 1866 ἐκ
1048 1800 1168 1866 τοότοον
1191 1798 1251 1865 daia

154 1899 210 1962 καί
230 1896 446 1982 ὀγδοήκοντα,
470 1901 509 1966 αλ
525 1898 562 1983 δη
592 1900 648 1965 καί
666 1900 745 1982 μετοὶ
768 1901 875 1986 βραχό
901 1907 1118 1968 κατέπλευσαν
1135 1899 1167 1978 ἐς
1193 1905 1254 1968 Τί-

113 2002 241 2068 15νεδον
262 1995 350 2082 μάλα
371 2001 478 2081 μόλις·
525 2004 660 2084 χειμαῖνι
691 2000 753 2085 χόρ
784 1997 972 2086 περιέτυχον
997 1996 1104 2084 αὖθις,
1134 2004 1280 2094 μετρίαν

149 2106 219 2185 μέν,
241 2103 391 2184 ἐνέτυχον
411 2105 438 2166 d'
460 2095 529 2168 οὖν.
589 2103 711 2186 ἡμέρας
734 2105 761 2166 δ’
786 2105 855 2166 ἐκεῖ
871 2102 992 2185 συχνός
1016 2110 1255 2191 περιμείναντες

150 2205 207 2268 τοῦ
226 2206 394 2286 χειμερίου
417 2201 598 2285 κλόιλοονος,
621 2197 695 2268 όσον
714 2202 859 2290 ἐφικτόν,
890 2199 1005 2283 ἓαυτός
1026 2201 1252 2288 όνελόμβανον.

152 2308 262 2369 νοτίων
286 2306 317 2367 d’
337 2300 445 2370 ἔπειτα
468 2313 578 2382 πνοαῖς
600 2305 632 2383 ἐξ
655 2306 767 2390 ου’ρίας
782 2309 957 2388 γενομένων
978 2303 1168 2392 σ’νηχθησαν
1191 2310 1254 2370 ἐατ-

152 2411 218 2470 θεν.
263 2409 340 2487 περὶ
371 2408 406 2471 δὲ
431 2408 537 2491 δείλην
559 2407 658 2489 duabu
685 2408 867 2482 α’ντιπιοίοις
895 2412 1062 2494 γενομένης
1086 2411 1197 2494 σφίσιν
1218 2409 1253 2472 ἐκ

115 2506 303 2599 λθπρρίρας,
324 2509 364 2594 ,ἐς
393 2509 472 2589 μιάν
495 2511 556 2573 ταῖν
587 2510 620 2573 ἐν
642 2509 838 2597 Χερρονήσῳ
862 2510 981 2575 πόλεων
1002 2512 1254 2595 προσωρμιλτθη-

151 2636 233 2691 σαν,
255 2612 454 2693 καλουμένην
476 2610 605 2695 Σηστόν.
659 2614 804 2676 ια’κεῖθεν
833 2606 931 2687 αὖθις
953 2609 1034 2693 μετό
1056 2613 1173 2687 πολλός
1194 2610 1253 2687 τός

151 2711 274 2796 ἡμέρας
290 2713 493 2792 ἐξέπλευσαν,
517 2710 608 2775 νότου
629 2716 774 2793 μαλακοῦ
792 2716 851 2794 μὲν
872 2710 929 2796 τόν
948 2707 1052 2798 οἷρχην
1073 2715 1253 2798 γενομένου,

152 2814 387 2898 τραχυυθέντος
408 2814 436 2876 δ’
460 2813 492 2889 ἐς
513 2812 570 2897 την
589 2812 760 2900 ὑστεραίαν
788 2817 941 2879 τοσοῦτον
961 2809 1039 2880 αόστε
1061 2814 1154 2897 μόλις
1175 2815 1253 2879 ἐδο-
1280 2839 1287 2857 ι

152 3136 205 3180 tum
228 3128 257 3179 in
276 3126 397 3195 singulos
416 3127 596 3190 vel-maiores
616 3128 660 3181 vei
680 3128 798 3181 minores
816 3135 905 3196 partes
924 3127 1028 3180 divisae
1043 3130 1138 3196 partim
1146 3127 1251 3187 Cretam

151 3201 283 3263 redeunt,
303 3200 397 3267 partim
424 3199 457 3250 ad
475 3198 611 3252 Euboeam
630 3200 802 3264 deferuntur,
822 3201 916 3267 partim
937 3199 1037 3251 insulas
1057 3200 1188 3265 Cyclades
1207 3211 1252 3253 te.

150 3279 225 3323 nent.
267 3270 419 3337 complures
438 3286 522 3323 naves
539 3272 684 3335 intereunt,
703 3279 782 3323 nocte
802 3273 830 3322 in
848 3271 944 3323 brevia
962 3280 1042 3339 atque
1069 3272 1166 3324 vadosa
1190 3272 1252 3326 ioca

151 3342 308 3409 compulsae
328 3350 408 3410 atque
427 3342 590 3395 confractae.
629 3359 708 3412 quum
728 3352 815 3395 autem
836 3343 961 3395 venetias
980 3342 1069 3394 redire
1087 3344 1121 3394 iis
1136 3358 1190 3394 non
1213 3343 1263 3409 Ιί.ἱ

152 3422 228 3465 neret
248 3415 334 3483 (quod
363 3415 431 3465 enim
450 3414 534 3466 semel
553 3430 568 3465 a
587 3423 680 3467 senatu
706 3416 840 3467 decretum
867 3422 922 3480 est,
946 3416 973 3468 id
998 3414 1079 3482 babet
1105 3415 1158 3468 vim
1180 3414 1251 3483 legis

151 3486 334 3539 firmissimae:
359 3484 392 3537 ab
418 3500 450 3537 eo
479 3493 566 3537 autem
591 3486 746 3553 imperatum
775 3494 850 3551 erat,
880 3496 910 3538 ut
933 3495 978 3539 aut
997 3487 1115 3539 victores
1133 3487 1253 3538 redirent

151 3566 196 3609 ant
216 3572 311 3609 omnes
332 3557 447 3609 bostium
467 3557 586 3609 manibus
606 3559 835 3610 interficerentur:
856 3557 934 3609 aiiter
953 3558 998 3626 qai
1017 3558 1127 3621 rediret,
1146 3557 1252 3608 foedis.

151 3631 218 3681 sima
237 3645 308 3680 nece
326 3630 446 3697 punitum
471 3630 521 3693 iri,
547 3645 615 3697 quae
643 3628 718 3681 nuile
743 3637 885 3697 praetextu
909 3629 1037 3697 nullaque
1061 3644 1141 3680 eausa
1165 3629 1252 3680 averti

151 3706 271 3771 posset),
290 3716 368 3769 quum
388 3702 427 3751 sie
447 3715 476 3751 se
490 3702 572 3770 igitur
583 3718 625 3753 res
638 3700 758 3768 haberet,
777 3716 868 3752 omnes
888 3701 978 3752 eadem
990 3701 1152 3751 necessitate
1165 3700 1251 3752 coacti

151 3774 272 3843 undique
294 3772 375 3825 simili
396 3772 510 3823 consilio
531 3780 603 3823 reeta
622 3772 779 3839 Byzantium
802 3788 906 3824 cursum
925 3772 1058 3823 direxere.
1095 3772 1135 3825 lta
1154 3772 1252 3824 iactum

153 3854 204 3909 est,
227 3853 257 3896 ut
278 3858 310 3895 ex
329 3844 480 3895 triremibus
496 3842 552 3895 iliis
569 3842 667 3895 multos
691 3845 748 3896 dies
773 3844 901 3911 dispersis
926 3844 1063 3912 octoginta
1088 3844 1156 3896 duae
1184 3858 1252 3895 con.

153 3918 298 3979 venirent,
318 3930 387 3983 quae
405 3915 482 3966 brevi
505 3924 626 3983 tempore
645 3916 803 3982 interposito
829 3916 876 3967 vix
901 3930 1036 3985 aegreque
1055 3915 1187 3967 Tenedum
1207 3924 1252 3966 te.

152 3989 264 4049 nebant,
285 4002 365 4054 quum
384 3987 480 4037 iterum
499 3988 526 4039 in
546 3993 730 4053 tempestatem
750 3987 910 4050 inciderent,
929 3980 1057 4038 modidam
1069 3988 1185 4055 quidem,
1205 3987 1252 4038 sed

153 4064 341 4126 tempestatem
360 4065 458 4108 tamen.
496 4058 533 4109 ibi
552 4056 656 4125 aliquot
681 4058 737 4109 dies
764 4058 917 4108 commorati
937 4074 1016 4125 quum
1045 4074 1078 4109 ex
1104 4066 1252 4125 tempesta.

152 4140 205 4182 tum
226 4127 408 4197 fluctuumque
431 4128 592 4193 calamitate,
610 4136 734 4197 quantum
754 4130 811 4180 fieri
832 4129 919 4195 potuit
933 4145 994 4180 sese
1012 4138 1190 4194 recreassent,
1202 4144 1252 4179 an.

154 4212 207 4254 stro
229 4201 349 4253 secunda
370 4199 450 4252 flante
471 4202 575 4253 oriente
594 4199 652 4252 sole
672 4201 698 4251 in
717 4200 799 4252 altum
808 4200 930 4267 provecti
949 4208 1029 4263 sunt3
1048 4200 1097 4253 sub
1112 4215 1252 4267 vesperam

155 4283 242 4325 autem
263 4273 379 4324 adversa
402 4280 560 4339 tempestate
582 4278 674 4323 exorta
701 4271 862 4339 appulerunt
881 4272 920 4323 ‘ad
947 4272 1038 4323 urbem
1069 4272 1196 4339 quandam
1225 4272 1252 4320 in

157 4346 327 4400 Cherroneso
342 4346 429 4409 sitam,
445 4360 512 4413 quae
525 4344 616 4399 Sestns
629 4344 734 4414 dieitur.
754 4344 816 4395 inde
829 4343 918 4395 multis
931 4343 1029 4411 elapsis
1039 4342 1132 4395 diebus
1147 4342 1252 4394 disces-
