3184 5100
228 419 235 429 ι
327 373 397 452 168
629 381 855 452 bicubitum
883 382 1112 450 GREGORAE

325 567 374 612 νιιι
398 549 618 629 συμπέπτωκε.
662 551 717 611 καί
738 549 809 609 δέον
827 543 859 619 ἐς
880 547 1039 630 ἐκδίκησιν
1062 548 1117 630 τῆς
1139 541 1266 629 δβρεοος
1285 542 1336 612 τόν
1358 567 1427 610 κοι-

323 643 378 711 νόν
406 651 612 731 διαναστῆναι
632 651 783 731 πατέρα,
821 642 836 710 ὃ
865 649 900 711 δὲ
924 649 977 710 καί
997 645 1191 729 μετόπισθεν
1223 645 1301 730 ἔσχε
1322 644 1425 729 κότον,

255 743 410 836 wippa
433 754 554 839 τελέσῃ,
576 748 656 814 κατό
681 751 739 813 τοῦ
759 749 859 832 μηδὲν
889 743 1072 821 οἷδικοῦντος
1093 749 1184 828 ἐμοῦ.
1228 748 1311 812 α’λλό
1333 747 1370 813 τί
1384 771 1425 828 με

322 850 530 918 delvunder
554 851 621 935 δῆλ’
643 852 852 932 δνομετρεῖν;
876 851 997 913 ἐκεῖθεν
1015 847 1078 933 γδρ
1103 845 1243 914 ε’κποδοόν
1259 871 1300 929 με
1323 856 1426 912 ποιεῖν

320 954 565 1040 βουλευσαμένῳ
602 952 643 1041 τῷ
681 955 825 1039 πενθερῷ
851 949 907 1034 τῆν
932 955 1083 1035 ταχίστην
1109 974 1150 1031 με
1183 948 1452 1034 διαχρῆσασθαιὸ

321 1053 437 1120 τοότου
459 1053 620 1140 παρῄνουν
644 1050 673 1116 οἱ
695 1056 752 1135 τῆς
775 1055 972 1136 Παλαμικῆς
992 1053 1085 1137 δόξης
1106 1048 1314 1135 αἱρεοιιόται·
1336 1055 1428 1116 τουτί

322 1153 381 1240 γόιρ
399 1160 430 1220 ἐν
443 1160 565 1237 βραχεῖ
583 1152 641 1237 τῆν
658 1149 732 1237 ὅλην
753 1151 840 1235 ἔχειν
854 1150 995 1237 ἔφασκον
1008 1150 1194 1236 α’ποιλλαγῆν
1208 1156 1262 1235 τῆς
1275 1150 1333 1236 τῆν
1349 1146 1423 1237 ὅλην
1506 1186 1507 1213 τ

322 1261 363 1320 δι’
383 1255 566 1338 ἐμὲψυχῆν
597 1251 796 1338 οἶοχολοόσης
827 1256 916 1342 edepl
948 1256 1126 1339 φροντίδος.
1169 1256 1223 1317 καί
1241 1248 1425 1338 τοδγκλημα

322 1359 410 1422 λόειν
432 1354 525 1420 ου’τοί
546 1352 626 1439 πρός
648 1352 724 1419 θεόν
745 1353 955 1437 ὑπισχνοῦντο
975 1363 1104 1436 μεσῖται
1126 1351 1313 1438 γιγνόμενοι.
1335 1355 1425 1418 τοῦτ’

321 1456 427 1540 ἔμοιγε
457 1461 578 1536 βέλτιον
607 1449 643 1520 όν
676 1458 733 1518 οδκ
756 1449 817 1518 οἶδ’
846 1449 932 1532 ὅπως
966 1453 1061 1532 αδτός
1088 1457 1143 1520 orbe
1171 1458 1308 1542 η’θέλησε
1330 1457 1421 1538 δρᾶν.
1435 1462 1467 1518 10

196 1588 218 1598 ··
321 1555 393 1637 όμοί
413 1561 472 1638 μὲν
493 1553 552 1640 γόρ
575 1549 659 1682 εἷηεν
692 1544 820 1630 ὅτ’ποος
843 1555 1032 1640 ,όπαλλαγῆν
1056 1558 1120 1621 ταῖν
1140 1552 1210 1640 ἑξῆς
1231 1554 1266 1619 τό
1289 1559 1423 1639 πρᾶγμα

322 1657 449 1738 δεινοῖν,
479 1658 564 1745 stirpi
592 1658 609 1719 δ
652 1657 831 1741 ἀνθρώπων
860 1649 900 1720 όν
923 1666 991 1732 ’πως
1024 1652 1172 1722 ἁπάντων
1194 1652 1325 1721 όνειδον.
1371 1652 1421 1721 διό

320 1754 375 1820 καί
394 1754 507 1839 τρόπον
542 1757 751 1842 ξυννενσηκόις
780 1759 1052 1842 εδπρτπίστερον,
1081 1757 1250 1840 ὑπερόριον
1271 1761 1425 1842 πατρίδος

318 1858 376 1920 καί
405 1862 581 1940 βασιλικῶν
616 1854 779 1922 ἐπαύλεων
810 1856 997 1943 α’πειληφώς
1028 1861 1061 1933 ἐς
1082 1860 1315 1943 Θεσσαλονίκην
1337 1855 1424 1942 α’πῆ-

317 1981 403 2044 νεγκε
424 1959 569 2045 τόχιστσι,
590 1958 709 2044 μητρός
726 1963 785 2040 μὲν
802 1963 856 2023 καί
873 1959 1023 2042 γυναικός
1042 1957 1171 2044 ἔρημον,
1190 1954 1252 2023 όπό
1269 1969 1423 2046 φρουροῖς
1433 1971 1466 2024 15

320 2062 355 2123 δὲ
379 2060 434 2122 καί
463 2060 600 2145 φόλαξιν
629 2055 673 2135 σός
693 2057 805 2145 νῆπιον
835 2063 903 2124 ἐκεῖ
931 2056 987 2125 τόν
1018 2061 1182 2144 εἰκοσαετῆ
1209 2060 1265 2124 καί
1298 2062 1422 2126 παίδων

318 2150 380 2243 ῆδη
406 2164 526 2243 πατέρα
548 2185 589 2242 με
613 2163 815 2226 καταστάντα
841 2163 1117 2244 παιδαγωγεῖσθαι
1139 2159 1365 2244 προστεταχώς
1386 2161 1422 2227 ἐν

318 2259 445 2350 οἶδε’σμηι
470 2264 547 2336 τὲως
571 2259 702 2348 εἱρκτῆ·
746 2265 801 2326 καί
822 2257 904 2325 οὕτω
924 2262 981 2346 τῆν
1010 2261 1091 2345 ἐμῆν
1119 2261 1279 2327 ἀπουσίαν
1301 2260 1422 2343 εὐπρό-

241 2388 245 2403 ι
319 2382 425 2425 σωπον
445 2362 612 2444 εὐκαιρίαν
644 2353 690 2436 οἷς
711 2350 806 2425 οόδινε
836 2362 936 2426 πόλαι
962 2366 1123 2444 σκίγιμασι
1150 2365 1207 2426 νῦν
1237 2364 1415 2445 ἐχαρίζετο.

252 2462 369 2525 ‘lisa
391 2459 452 2543 γόρ
477 2464 533 2526 καί
554 2464 700 2544 τέταρτον
725 2467 819 2527 τοῦτο
840 2464 973 2547 προσθῶ
989 2486 1045 2545 μοι
1068 2469 1111 2551 τῷ
1128 2461 1210 2554 λόγῳ
1226 2465 1339 2545 δεῖγμα
1363 2466 1418 2545 τῆς
1427 2466 1462 2522 20

319 2566 362 2627 δι’
384 2558 487 2643 όρκων
511 2564 677 2649 ἀπατηλῶν
712 2567 801 2652 ου’τῷ
829 2574 897 2629 κατ’
918 2570 1000 2646 ἐμοῦ
1031 2568 1304 2651 συσκευαζομένης
1322 2566 1419 2647 μελε.
1508 2567 1509 2642 l

389 2793 415 2848 7.
435 2797 482 2863 τῆς
499 2793 599 2849 addidit
617 2794 757 2849 Boiviaus.

317 3026 374 3065 rem
394 3017 420 3062 et
438 3023 551 3077 pompae
569 3009 718 3075 ridiculum,
736 3010 813 3062 domo
828 3011 937 3079 prodire
956 3012 984 3063 iu
1000 3010 1088 3062 auimo
1098 3008 1227 3061 haberem
1240 3010 1307 3062 haee
1324 3024 1419 3076 passus

316 3098 383 3137 turn.
403 3080 545 3133 bioautem
566 3083 648 3134 etiam
660 3090 756 3150 postea
777 3082 912 3134 occultum
932 3083 1020 3134 odium
1039 3080 1102 3133 tulit
1121 3089 1151 3133 ut
1170 3081 1292 3149 expleret
1310 3096 1371 3132 eum
1389 3082 1418 3133 iu

316 3170 358 3205 me
377 3168 459 3220 aquo
478 3152 553 3204 nulla
567 3155 663 3205 iniuria
680 3154 790 3205 effectus
811 3162 876 3205 erat.
897 3154 945 3206 sed
963 3154 1026 3222 quid
1045 3168 1114 3222 quae
1132 3154 1197 3205 satis
1216 3153 1336 3205 omuibus
1354 3162 1418 3205 uota

316 3226 370 3276 siut
382 3238 541 3291 expromam.
564 3226 659 3277 deiude
672 3227 741 3276 enim
755 3240 876 3277 socerum
888 3241 967 3294 quum
985 3224 1117 3293 quomodo
1131 3225 1242 3277 emedio
1253 3241 1297 3275 me
1308 3223 1419 3276 tolleret
1508 3239 1509 3246 ¹

239 3329 242 3339 ι
316 3311 407 3349 secum
426 3296 615 3359 meditaretur,
641 3296 763 3347 Palamae
790 3296 912 3348 asseclae
935 3305 1058 3364 utquam
1079 3294 1283 3347 celerrimeme
1306 3305 1418 3349 necaret

316 3366 447 3419 adhortati
471 3374 541 3417 suut.
578 3382 638 3418 uam
657 3369 694 3418 ita
714 3382 771 3418 eum
784 3367 862 3419 brevi
880 3368 913 3419 ab
939 3371 1010 3419 omui
1034 3368 1114 3419 animi
1140 3377 1211 3419 metu
1235 3377 1417 3436 quopropter

315 3454 357 3489 me
378 3445 524 3489 vexaretur
543 3437 652 3488 liberari
672 3438 846 3490 affirmabunt.
893 3441 968 3506 ipsos
989 3447 1077 3490 autem
1098 3439 1198 3491 crimen
1217 3440 1341 3505 precibus
1360 3440 1416 3491 suis

315 3510 384 3576 apud
405 3509 482 3560 deum
505 3509 657 3575 expiaturos
678 3525 747 3561 esse.
785 3511 856 3578 quod
883 3511 947 3561 mihi
968 3526 1033 3562 saue
1052 3511 1178 3578 optimum
1203 3511 1299 3561 luisset
1317 3517 1344 3561 et
1364 3526 1416 3561 ue.

315 3582 371 3633 scio
394 3596 441 3631 eur
461 3580 550 3631 iacere
569 3579 695 3631 noluerit.
733 3596 792 3631 nam
814 3580 956 3633 liberasset
973 3598 1015 3633 me
1034 3582 1067 3633 ab
1081 3582 1202 3633 omuibus
1221 3591 1290 3650 quae
1306 3590 1416 3633 secutae

315 3659 377 3703 suut
397 3652 522 3702 miseriis.
570 3652 621 3718 ipsi
641 3666 706 3702 vero
725 3654 819 3704 neseio
849 3658 882 3704 a‘u
904 3655 1019 3705 omnium
1043 3652 1214 3721 opprobrium
1228 3661 1314 3704 ortum
1334 3660 1414 3705 esset.

316 3738 398 3790 quare
418 3724 579 3774 commodius
609 3720 712 3790 aliquid
735 3725 900 3792 excogitavit
932 3733 959 3776 et
984 3740 1062 3793 quam
1091 3723 1232 3775 celerrime
1252 3741 1266 3775 e
1285 3725 1371 3791 putria
1390 3733 1416 3776 et

314 3794 399 3861 regiis
419 3793 526 3844 sedibus
545 3792 760 3846 Thessalonicam
779 3811 822 3846 me
848 3796 957 3847 abduxit
977 3804 1061 3847 matre
1082 3810 1141 3846 mea
1161 3804 1188 3847 et
1207 3810 1291 3849 uxore
1310 3794 1414 3847 relicta.

315 3862 406 3929 ibique
432 3878 479 3913 me
499 3865 596 3932 viginti
616 3880 699 3917 anuos
726 3874 815 3918 uatum
836 3868 942 3935 iamque
961 3868 1076 3919 filiorum
1104 3873 1205 3934 patrem
1225 3875 1349 3935 tanquam
1370 3868 1415 3918 iu.

315 3934 412 3985 lautem
440 3935 591 3986 custodibus
607 3938 769 3989 tractandum
791 3940 864 3989 dedit
890 3941 919 3990 iu
947 3938 1034 3991 libera
1052 3939 1180 3990 custodia.
1230 3939 1336 3989 iuterim
1356 3940 1416 4005 ipse

315 4011 465 4071 opportuno
494 4006 631 4057 absentiae
657 4024 732 4059 meae
757 4018 878 4077 tempore
904 4013 1004 4077 optime
1032 4026 1095 4063 usus
1121 4018 1148 4060 et
1166 4026 1235 4077 quae
1259 4011 1311 4060 iam
1330 4009 1414 4061 multo

314 4084 375 4126 aute
397 4076 484 4126 animo
513 4090 602 4128 seeum
623 4078 793 4132 volutaverat
820 4091 960 4133 exsecutus
989 4089 1038 4133 est.
1074 4090 1104 4132 ut
1126 4080 1178 4133 boo
1198 4088 1318 4149 quartum
1333 4082 1415 4131 testi-

313 4147 429 4197 monium
449 4147 556 4199 consilii
577 4150 634 4200 eius
654 4150 760 4201 aderam
778 4154 848 4220 quod
876 4153 1047 4204 iurisiurandi
1072 4152 1187 4204 lallaeiis
1205 4154 1233 4203 iu
1255 4167 1297 4201 me
1321 4152 1414 4202 luten.

315 4218 371 4281 dit,
393 4233 473 4285 quum
498 4219 635 4287 promissis
659 4237 726 4289 quae
748 4224 817 4289 putri
838 4226 947 4276 dederat
965 4222 1035 4274 male
1052 4224 1085 4274 ad
1107 4224 1209 4275 irritum
1227 4223 1341 4274 redactis
1360 4231 1414 4273 tam

304 4288 387 4345 diris,
403 4288 491 4359 plagis
515 4298 606 4357 septus
633 4303 772 4347 essemet
799 4296 915 4357 miseriis
940 4308 1013 4363 quae
1040 4297 1134 4347 mortis
1165 4294 1284 4347 confines
1303 4294 1414 4360 ‘videu-
