3184 5100
323 381 372 464 ot
619 343 848 462 rrcmuoar
876 389 1106 462 οεεοοπκε

322 561 400 626 λιτόν
423 557 559 638 έκείυων,
584 554 696 633 όποιάς
713 560 748 623 έκ
761 555 864 622 πόθου
881 561 936 622 καί
951 558 1142 644 φλεγομένης
1153 559 1263 640 ψυχῆς
1285 557 1427 621 έποιείτο

322 658 403 745 πρός
424 662 471 740 σέ,
493 658 547 723 καί
567 660 642 742 πρίν
662 660 693 734 ές
714 657 767 723 τόν
790 663 953 741 βασίλειον
975 656 1076 724 ου’τόν
1098 659 1281 742 α’ναχθῆναι
1295 658 1427 741 θρόνον,

322 758 378 824 καί
395 752 479 833 όπως
491 762 547 841 τῆς
563 762 620 840 σῆς
636 759 785 844 ἐξήρτητο
801 762 861 840 μέν
876 764 933 824 καί
945 756 1081 842 γλιόττης
1095 757 1150 822 καί
1162 760 1301 843 γραφῆς,
1313 758 1430 843 ἄφθο-

323 861 482 944 νονεέρους
504 863 534 924 ‹i’
556 852 652 934 αότός
685 857 762 937 τεός
783 863 933 925 ἐντεῦθεν
956 859 1075 944 έτρόχοι
1094 859 1254 942 καρπούς,
1275 858 1319 935 οός
1343 852 1429 924 εἶναι

321 962 445 1045 μηόένοι
469 962 531 1024 τῶν
561 959 687 1026 πάντων
721 953 782 1049 ότῳ
805 967 874 1024 ποτ’
905 952 945 1026 όν
972 961 1122 1047 οἰηθῆναι
1146 962 1219 1043 ἐνῆν
1239 956 1453 1042 έχγενέσθαιῦ

325 1064 370 1150 τῷ
390 1054 464 1144 ἤθει
483 1060 603 1146 τροπην
626 1065 745 1128 ἐκείνου
766 1059 860 1143 εινό,
881 1065 1005 1145 μᾶλλον
1024 1066 1084 1143 μέν
1104 1055 1162 1125 odo
1182 1058 1239 1124 καί
1258 1061 1430 1126 συνεπεδε-

326 1155 418 1226 έόναι
438 1169 509 1237 ταῖς
529 1166 586 1226 τοῦ
607 1161 726 1246 χρόνου
747 1161 876 1245 τύχαις.
920 1166 978 1228 νῦν
1000 1164 1027 1226 δ’
1047 1157 1211 1248 έληλυθιός
1233 1161 1289 1225 καί
1307 1159 1428 1241 μοθιόν

324 1260 369 1337 alc
390 1263 425 1327 έκ
447 1263 622 1348 διαμέτρου
642 1258 683 1325 τοὶ
706 1257 879 1345 πράγματα
896 1264 1002 1348 σταίη,
1021 1264 1078 1327 καί
1100 1257 1239 1343 οἷμοιβός
1251 1283 1302 1326 σοι
1323 1260 1431 1345 διδοίη

323 1369 386 1442 τῶν
421 1363 524 1428 πόνων
552 1365 609 1427 καί
642 1364 782 1462 ηκότρων
813 1362 883 1440 οἵας
910 1363 965 1432 σοί
991 1367 1050 1447 μὲν
1072 1363 1154 1446 όπὲρ
1175 1363 1343 1443 εὐσεβείας
1363 1363 1431 1427 cir-

325 1467 433 1549 λοόντι
455 1465 566 1549 φέρειν
588 1465 712 1547 ἐχρῆν,
740 1467 847 1554 ἐκείνην
878 1467 911 1528 ‹i’
944 1462 1108 1553 έπιφέρειν
1141 1464 1183 1527 ου’
1207 1459 1297 1546 μάλα
1329 1465 1430 1547 όχρῆν
1440 1480 1471 1534 10

327 1559 418 1650 (οὔτε
449 1561 510 1646 γάρ
546 1563 575 1629 οἱ
607 1562 724 1655 θιοόκτη
753 1571 903 1656 γενέσθαι
936 1569 993 1652 τῆς
1027 1566 1190 1647 εὐσεβείας
1211 1561 1331 1650 ἐχρῆν,
1356 1559 1431 1628 οὔθ’

327 1659 412 1740 ducor
442 1668 520 1730 ποτέ
552 1670 709 1755 γενομένῳ
742 1665 820 1730 κατὰ
853 1669 912 1732 σοῦ
939 1669 1067 1752 κινῆσαι
1095 1663 1155 1751 την
1188 1664 1317 1750 γνοόμην
1348 1659 1431 1740 ὅλως

326 1766 456 1851 έχρῆν),
482 1768 518 1831 σὲ
542 1769 602 1845 μέν
623 1765 804 1851 ε’μοκοὶρισα
826 1770 881 1852 τῆς
895 1772 1080 1854 καρτερίας,
1103 1767 1191 1856 ου’τῷ
1214 1767 1242 1829 δ’
1262 1766 1432 1850 ἠχθέσθην

304 1863 456 1951 ισφόδρα
476 1889 513 1948 γε
542 1867 597 1950 τῆς
620 1865 781 1942 α’πονοίας.
825 1872 945 1950 μᾶλλον
960 1871 988 1933 d'
1013 1865 1174 1952 ε’όόκρυοα
1196 1867 1250 1951 τῆς
1270 1865 1432 1940 ἀπωλείας

326 1965 381 2032 τόν
412 1960 591 2052 ἅνθρωποι.
644 1971 699 2033 καί
726 1972 834 2050 μέντοι
864 1968 920 2034 καί
946 1965 1140 2052 όθυόμασα,
1169 1971 1225 2034 καί
1249 1963 1473 2048 θουμόζωνῙὸ
1511 1994 1512 2087 η

327 2069 368 2132 ου’
391 2069 567 2156 παύσομαι,
588 2073 656 2146 πυός
683 2072 831 2136 τοσοῦτον
863 2070 1103 2154 όταλοίπωρος
1134 2066 1292 2134 ἐλάνθανε
1314 2067 1432 2152 χρόνον
1511 2098 1512 2115 1

326 2167 457 2252 ιε’γρίους
480 2164 562 2236 οὕτω
584 2175 689 2256 θῆρας
710 2176 821 2249 κακίας
842 2175 876 2236 έν
896 2174 934 2261 τῇ
955 2168 1060 2259 λόχμη
1090 2167 1214 2252 βόσκων
1235 2170 1290 2254 τῆς
1309 2171 1431 2252 ψυχῆς.

326 2269 357 2333 εἰ
377 2273 436 2352 μέν
458 2263 516 2334 οὖν
532 2270 630 2356 ἱεροῖς
647 2273 714 2337 τισί
733 2273 791 2337 καί
811 2271 1002 2359 ἀπορρήτοις
1024 2270 1078 2363 εἴη
1093 2272 1197 2354 λόχοις
1220 2266 1434 2350 ένδιοιτοόμε-
1511 2296 1512 2357 3

328 2393 381 2436 νον
400 2368 434 2436 τό
458 2376 602 2456 πρᾶγμα,
624 2373 827 2455 θαυμάζοιμι
847 2377 934 2454 μέντ’
954 2367 993 2438 όν
1014 2375 1066 2438 αἐἰ
1085 2374 1227 2449 σιωπῶν,
1250 2369 1381 2456 ζήτησιν
1405 2373 1431 2433 δ’
1511 2390 1512 2445 3

329 2473 482 2554 ου’όεμίαν
506 2465 635 2563 οὐδαμῇ
657 2478 734 2540 ποτέ
755 2472 878 2553 λύσεως
898 2477 1114 2562 προενένκοηί
1133 2456 1175 2540 όν
1196 2469 1316 2537 ου’δενί.
1361 2470 1474 2548 ‹iit’20

330 2572 404 2639 ἄντί
424 2572 549 2641 πάντων
569 2575 608 2642 τό
627 2577 682 2661 τῆς
701 2577 759 2661 σῆς
773 2577 899 2661 ἀρκέσει
911 2601 969 2660 μοι
988 2582 1129 2663 θεωρίας
1152 2572 1233 2660 πρός
1251 2576 1432 2659 θεραπείαν

329 2672 503 2763 palpitare,
534 2675 590 2744 καί
609 2674 643 2745 εί
668 2681 726 2744 τιν’
749 2671 862 2745 ἄλλοσε
887 2684 1050 2767 φέρουσαν
1070 2676 1199 2763 βοόλοιο
1227 2671 1335 2761 κοινην
1357 2674 1431 2757 όμι-

259 3038 267 3057 ·
329 3018 382 3073 tuis
400 3016 567 3073 sermonibus
585 3016 747 3087 scriptisque
768 3018 909 3071 deuinctus
928 3016 1078 3071 uberrimos
1099 3014 1201 3069 fructus
1220 3013 1369 3069 indecolle
1391 3018 1430 3069 ἐ.

329 3098 385 3146 set..
417 3105 501 3159 quare
519 3096 619 3141 tautum
639 3090 747 3154 uberat,
761 3098 790 3141 ut
810 3090 868 3141 eius
886 3104 974 3141 morea
994 3089 1168 3141 mutationem
1187 3087 1317 3157 quandam
1336 3103 1369 3139 su
1389 3090 1429 3141 ire

327 3177 409 3233 posse
428 3163 487 3229 quis
506 3162 620 3229 putaret,
639 3170 668 3213 ut
687 3176 734 3214 eos
754 3162 833 3213 etiam
851 3162 979 3229 temporis
999 3160 1213 3230 atqueiortunae
1229 3159 1430 3213 conditionibus
1463 3176 1470 3181 “

328 3236 521 3287 incrementum
544 3240 667 3301 capturos
688 3248 748 3285 esse
768 3233 952 3286 arbitraretur.
997 3248 1077 3300 quum
1097 3240 1186 3283 autem
1204 3238 1266 3297 post
1285 3232 1431 3283 adventum

328 3322 415 3358 meum
437 3320 640 3373 cognoscerem,
658 3319 746 3356 rerum
768 3312 863 3357 statum
884 3304 965 3372 plane
991 3304 1152 3355 contrarium
1173 3318 1233 3355 ease
1253 3310 1281 3353 et
1302 3318 1362 3353 eam
1380 3303 1430 3354 tibi
1475 3302 1480 3309 ’

261 3420 264 3427 ,
328 3392 377 3446 pro
397 3376 532 3429 laboribus
553 3383 633 3443 atque
651 3372 784 3427 amoribus
811 3377 922 3445 gratiam
940 3375 1021 3426 talem
1039 3374 1159 3439 referre,
1186 3372 1291 3442 qualem
1315 3380 1344 3423 tu
1364 3376 1428 3442 qui.

328 3450 387 3503 dem
406 3456 435 3499 ut
453 3447 595 3515 religionis
623 3446 723 3498 athleta
744 3450 870 3515 accipere
896 3446 1031 3511 debebas,
1059 3444 1108 3497 ille
1133 3460 1199 3498 vcro
1226 3444 1430 3513 haudquaquam

328 3519 433 3573 referre
453 3517 568 3569 debebat
587 3521 691 3587 (neque
711 3519 781 3569 enim
799 3519 962 3586 religionem
981 3533 1096 3586 unquam
1120 3517 1249 3585 persequi
1270 3531 1380 3583 neque,
1406 3519 1430 3568 si

328 3590 432 3661 quando
454 3589 506 3641 boc
529 3588 651 3655 iaceret,
680 3605 786 3643 sensnm
806 3607 882 3643 suum
908 3591 936 3641 in
963 3597 990 3641 te
1013 3589 1066 3641 ulla
1101 3604 1135 3639 ex
1154 3595 1230 3655 parte
1248 3594 1350 3639 mutare
1371 3604 1430 3639 euru

328 3662 465 3731 decebat),
484 3669 511 3711 te
533 3661 639 3729 quidem
661 3661 695 3713 ob
715 3662 897 3714 fortitudinem
920 3660 1028 3713 felicem
1046 3660 1251 3728 praedicabam,
1279 3657 1322 3709 illi
1341 3667 1431 3711 autem
1509 3705 1510 3724 ς

328 3734 363 3787 ob
383 3733 541 3783 dementiam
569 3746 641 3783 suam
663 3748 791 3801 perquam
817 3732 1024 3796 succensebam
1043 3732 1230 3784 vehementius
1254 3737 1343 3781 minen
1371 3732 1430 3783 eius

327 3804 463 3857 interitum
482 3802 671 3855 illacrimabar.
715 3804 830 3856 mirabar
854 3820 919 3857 sane
939 3820 1028 3873 neque
1046 3818 1161 3871 unquam
1179 3801 1429 3865 miracimmum,
1509 3809 1510 3848 1

259 3896 264 3905 ·
328 3874 459 3944 quomodo
481 3874 563 3925 miser
581 3874 633 3925 istc
654 3882 754 3927 tantum
769 3878 900 3944 ¹temporis
920 3883 972 3927 tam
991 3876 1062 3927 ieras
1080 3871 1304 3943 atqueimprobas
1324 3871 1430 3925 belluas

326 3948 354 3999 in
373 3945 453 3996 animi
471 3942 582 3995 latebris
603 3944 671 3995 clam
685 3946 759 3998 alere
778 3948 905 4014 potuerit.
927 3948 950 3999 si
968 3963 1012 3999 res
1029 3948 1113 3999 sacris
1131 3945 1287 4014 quibusdam
1306 3952 1333 3995 et
1351 3960 1430 3995 arca.

327 4016 369 4069 nis
387 4014 536 4067 rationibus
554 4014 677 4068 involuta
697 4026 746 4082 est,
767 4021 849 4071 tacite
869 4036 926 4070 eam
945 4034 1052 4086 semper
1070 4018 1186 4071 mirabor
1205 4030 1295 4084 neque
1314 4031 1431 4083 unquam

328 4103 363 4140 ex
380 4085 438 4137 ullo
461 4086 657 4154 quaesiverim,
679 4092 812 4155 quomodo
835 4091 955 4158 expediri
974 4090 1068 4157 possit.
1102 4090 1150 4143 sed
1168 4103 1233 4155 prae
1252 4089 1350 4139 ceteris
1371 4102 1431 4138 om.

330 4158 410 4211 nibus
431 4158 464 4208 ad
481 4172 566 4209 meam
588 4160 752 4211 curationem
771 4164 907 4215 sufiiciunt
925 4162 1127 4224 medicamenta;
1148 4175 1216 4228 quae
1234 4166 1431 4211 tuaecoutem.
1508 4189 1509 4234 η

313 4229 470 4299 χηίεῐὶουοε
490 4228 628 4296 praebent,
641 4232 719 4282 ctiam
737 4233 766 4286 si¹
779 4234 944 4305 colloquium
963 4234 996 4284 dc
1006 4231 1067 4283 aliis
1077 4232 1157 4283 rebus
1167 4246 1270 4282 mecum
1288 4230 1430 4283 instituere

320 4299 414 4357 'velia
447 4297 489 4354 siu
511 4307 598 4352 aulem
618 4310 706 4356 mente
727 4302 830 4357 doctam
852 4304 980 4376 quandam
1000 4304 1189 4373 cogitationem
1201 4301 1378 4370 conceperis,
1396 4318 1432 4355 ue
