3184 5100
992 146 1000 176 t

278 374 499 501 ursaonuu
526 427 785 500 ominamur
806 432 899 499 xxx.
919 389 1105 502 :tt-tn.
1143 500 1145 505 ,
1186 421 1258 516 297

164 596 362 684 ἐνεργητικῆς
390 596 556 679 δυνάμεως
585 598 784 673 ἀποτέλεσμα
819 598 960 680 ἐνέργεια
975 636 979 641 -
994 598 1050 661 καί
1081 592 1173 679 ἔργον
1209 590 1264 659 κατ’
1317 658 1330 665 ,,

164 703 333 784 ἐνέργημα,
357 700 401 776 οἷς
415 698 491 784 ἔργα
504 696 560 764 κατ’
575 702 728 782 ἐνέργειαι
742 697 822 763 θεοῦ
835 698 874 782 γῆ
894 702 948 763 καί
959 694 1092 783 ου’ρανὸς
1105 698 1160 763 καί
1171 692 1210 761 τοὶ
1232 692 1264 760 ἐν

165 800 308 878 τούτοις·
334 804 416 888 φησί
436 799 496 885 γὰρ
519 798 535 864 ὅ
557 804 645 877 θεῖος
668 802 702 865 ἐκ
711 803 889 881 Δαμασκοῦ
909 798 1054 883 Ἰωάννης
1077 798 1120 875 (ἐς
1144 799 1294 883 ἢένέρκῐ·
1307 794 1389 856 141¹·
1442 880 1446 887 x

113 938 116 943 ·
164 927 236 988 γεια
251 900 306 967 καί
316 905 471 988 ἐνέργημα
485 906 620 985 λέγεται,
636 903 691 966 καί
701 898 883 967 τούναντίον
899 902 1040 984 ἐνέργεια
1052 897 1087 964 τὸ
1100 900 1265 985 ἐνέργημα,

138 1005 209 1083 δαίς
230 1007 285 1070 κατ’
299 1001 333 1070 τέ
358 1007 474 1085 κτίσμα
495 1009 602 1080 κτίσις.
646 1007 721 1068 καθ’
741 999 759 1066 δ
780 1002 1011 1087 σημαινόμενον
1033 1006 1088 1067 καί
1106 1000 1160 1068 ιὸν
1184 993 1267 1065 οἶκον
1293 1082 1295 1092 k

166 1104 324 1191 ἐνέργειαν
337 1128 445 1192 φαμεν
461 1111 519 1169 τοῦ
537 1102 717 1187 οἰκοδόμου,
741 1104 796 1169 κατ’
807 1107 1039 1189 τοῦναυαηγοῦ
1057 1102 1114 1192 τῂν
1135 1099 1265 1167 ὁλκάδα.

167 1211 313 1293 ἐνέργεια
331 1211 453 1291 λέγεται
475 1195 570 1293 καέῆ
594 1204 673 1293 πρὸς
693 1206 732 1273 sd
762 1202 972 1291 ἐνεργούμενα
995 1209 1131 1292 κίνησις,
1153 1206 1264 1287 σχέσις

165 1334 212 1385 τις
232 1304 314 1373 odon
334 1310 388 1374 κατ’
406 1312 524 1390 μεταξδ
545 1313 751 1394 θεωρουμένη
783 1312 843 1373 τοῦ
861 1332 895 1373 τε
925 1310 1188 1393 δημιουργοῦντας
1211 1304 1266 1368 καί

167 1411 231 1474 τῶν
251 1411 560 1495 δημιουργουμένοον,
582 1408 728 1494 καθάπερ
750 1409 769 1494 ἦ
793 1411 852 1475 τοῦ
875 1407 1042 1500 οἰκοδόμου
1057 1407 1133 1493 πρὸς
1155 1405 1189 1474 τό
1215 1410 1264 1474 αι’-

123 1510 399 1593 1ονιοδομοέμενον
434 1514 490 1576 καί
533 1514 592 1576 τοῦ
626 1517 791 1597 ναυπηγοῦ
818 1502 965 1595 πρὸςῖτδ
991 1514 1109 1574 πλοῖον.
1167 1501 1267 1590 daut*

167 1608 368 1695 συμβεβηκός
401 1605 482 1677 οὖσα
514 1616 593 1678 καθ’
625 1611 723 1697 αὕτην
756 1610 987 1696 συγκαταλὴγει
1018 1614 1057 1701 τῇ
1076 1614 1136 1675 τῶν
1160 1603 1267 1693 ἄκρων

168 1712 255 1796 λη’ξει
277 1713 334 1776 τιαί
360 1711 465 1778 conso
490 1709 576 1779 ἐστίν
600 1714 705 1778 ου’δέν.
749 1711 823 1797 περὶ
845 1705 882 1798 ἧς
911 1716 965 1777 καί
995 1712 1013 1776 δ
1037 1712 1183 1796 θεολόγοι
1203 1708 1266 1798 ἔφη

168 1810 186 1875 d
210 1817 297 1887 θεῖος
316 1816 349 1878 Γ
347 1808 491 1898 ρηγὸριος
517 1812 561 1891 ὥς
581 1810 826 1901 ἐνεργηθηστται
858 1817 912 1881 καὶ
933 1814 990 1879 ου’τι
1021 1810 1191 1898 ἐνεργήσει,
1213 1816 1269 1877 καί

170 1911 253 1993 ἐμοῦ
272 1917 315 2000 τῷ
346 1911 555 2001 ἐνεργηθῆναι
578 1912 755 1997 παύσεται,
777 1918 923 2000 καθάπερ
948 1918 1003 1981 κατ’
1025 1916 1044 2000 ἦ
1064 1912 1184 1997 μεταξύ
1209 1918 1268 1981 τοῦ

124 2021 157 2072 15
169 2013 332 2100 ὁρωμένου
352 2018 408 2081 κατ’
427 2021 487 2081 τοῦ
512 2015 645 2102 ὁρῶντος
676 2009 788 2117 ὅρασις
812 2020 867 2081 κατ’
890 2016 907 2100 ἦ
930 2019 1028 2097 μέσον
1050 2016 1109 2081 τοῦ
1131 2017 1267 2099 γευομέ-

168 2137 226 2180 νου
249 2117 304 2179 καί
323 2119 381 2181 τοῦ
402 2121 538 2201 γευστοῦ
558 2120 678 2202 γεῦσις.
703 2120 758 2182 καί
777 2112 991 2183 δ’Νυσσαέων
1010 2118 1044 2181 δὲ
1066 2121 1154 2193 θεῖος
1177 2116 1267 2202 Γρη-

89 2204 97 2213 ’
166 2217 275 2302 γόριος
297 2215 342 2302 μη
358 2216 525 2284 δυ’νασθαέ
542 2242 640 2305 φησιν
655 2221 815 2302 ἐνέργειαν
830 2214 1061 2304 δαεργαστικην
1082 2244 1151 2283 τινα
1166 2219 1267 2301 πράγ.
1305 2227 1310 2234 “

166 2341 268 2399 ματος
298 2319 401 2404 ου’την
430 2322 482 2407 ἐφ’
505 2314 622 2405 ἐαυτῆς
654 2323 825 2404 συστῆναι,
846 2319 891 2404 μη’
914 2344 998 2396 τινος
1030 2320 1266 2402 ὑποδεχομένου

169 2422 228 2504 τῆς
247 2421 404 2505 ἐνεργείας
431 2417 489 2506 τὴν
514 2423 644 2507 κίνησιν.
691 2425 866 2505 α’ναγκαέαν
897 2420 958 2506 γοὶρ
982 2419 1071 2505 ἔχειν
1085 2424 1188 2486 ταῦτα
1210 2418 1269 2505 την

121 2518 381 2608 ίθσχὲσιναρὸς
414 2515 534 2608 ἄλληλα
566 2520 621 2608 τήν
647 2547 680 2591 τε
699 2522 898 2610 ἐνεργητικην
927 2524 982 2590 καὶ
1011 2520 1068 2608 τὴν
1091 2521 1268 2608 ααθητινην

170 2615 318 2702 δυ’ναμιν.
370 2611 415 2688 ὧν
449 2627 479 2690 εἰ
506 2626 683 2711 χωρισθείη
714 2625 758 2714 τῷ
788 2624 870 2714 λόγῳ
902 2621 938 2690 ad
979 2626 1103 2709 ἕτερον,
1139 2621 1197 2688 cdx
1229 2617 1292 2688 ἐν·

155 2725 228 2808 ’ἐφ’
248 2715 368 2788 ἑαυτοῦ
396 2731 533 2810 συσσαιή
562 2729 618 2790 καί
636 2723 672 2790 vd
705 2724 909 2810 λειπόμενον·
953 2722 1046 2810 εἰμὴ
1069 2725 1208 2812 γὰρκαὶ
1231 2721 1266 2793 td

171 3067 232 3136 igni
251 3065 331 3132 inest,
352 3072 379 3117 et
397 3065 544 3134 frigeraudi
563 3066 640 3132 uiri,
660 3073 687 3118 et
710 3065 843 3118 sentiendi
863 3064 980 3130 animali,
1010 3071 1037 3117 et
1056 3065 1191 3120 eiticieudi
1210 3067 1273 3120 eid-

172 3138 266 3190 cicnti.
305 3138 384 3189 etiam
405 3138 549 3190 efficientis
572 3140 614 3191 vis
633 3139 765 3206 perfectio
793 3137 891 3190 dicitur
918 3137 1063 3188 efficientia
1084 3145 1111 3190 et
1129 3137 1226 3190 iactum
1246 3147 1273 3192 et

174 3209 308 3274 effectum,
327 3217 358 3261 ut
376 3209 447 3261 iacta
468 3217 495 3261 et
512 3210 677 3262 efficientiae
697 3211 740 3261 dei
760 3210 883 3261 dicuntur
901 3216 973 3260 terra
988 3215 1015 3260 et
1034 3208 1139 3260 coelum
1159 3217 1186 3260 ct
1204 3225 1273 3277 quae

172 3283 201 3333 in
223 3282 259 3332 iis
276 3289 426 3333 versantur.
470 3283 508 3332 ait
535 3282 605 3332 enim
633 3281 740 3333 divinus
766 3281 880 3334 loannes
909 3280 1107 3332 Damasceuus:
1129 3279 1274 3332 efficientia

175 3353 256 3405 etiam
276 3352 399 3404 effectum
420 3353 533 3418 dicitur,
554 3362 633 3404 etex
656 3354 790 3404 contrario
820 3353 942 3404 edoctum
966 3351 1126 3416 efficientia,
1146 3359 1175 3402 ut
1194 3353 1273 3403 ctiam

174 3432 293 3475 creatum
314 3426 432 3488 creatio,
457 3425 601 3476 secuudum
629 3441 706 3493 quam
730 3424 952 3492 significationem
983 3425 1061 3474 etiam
1081 3423 1183 3474 domum
1203 3423 1273 3474 dici..

173 3511 233 3546 mus
255 3495 428 3546 officientiam
452 3496 594 3549 architecti
621 3504 647 3547 et
664 3497 773 3548 navium
799 3496 977 3548 aedificatoris
996 3509 1091 3546 navem
1114 3495 1272 3546 onerariam.
1295 3519 1298 3524 ·

179 3567 326 3618 efficientis
353 3567 452 3617 dicitur
471 3569 549 3618 etiam
567 3569 671 3620 moveri
690 3568 722 3619 ad
745 3583 795 3632 ea,
816 3583 884 3636 quae
902 3566 1075 3630 efficiuntur,
1096 3573 1122 3616 ct
1146 3573 1186 3618 est
1203 3568 1273 3618 ratio

177 3638 306 3706 quaedem
327 3653 395 3706 quac
414 3639 558 3690 intercedit
574 3640 646 3690 inter
665 3639 787 3690 efficiens
807 3647 834 3690 et
853 3638 991 3701 adactum,
1013 3645 1042 3688 ut
1060 3636 1221 3688 architectus
1241 3637 1274 3689 ad

174 3709 326 3760 aedificium
344 3709 468 3773 aceedit,
490 3718 518 3760 et
537 3711 646 3761 navium
664 3711 819 3761 aedificator
837 3711 870 3760 ad
888 3724 998 3773 navem,
1018 3723 1093 3776 ‚quae
1111 3710 1194 3760 motio
1214 3725 1273 3760 cum

142 3806 150 3811 »v
175 3780 301 3832 accidens
320 3781 355 3832 sit
369 3795 419 3847 per
437 3797 467 3832 sc
486 3797 545 3832 cum
567 3790 744 3833 extremorum
759 3781 812 3832 dne
826 3781 934 3844 desinit,
953 3795 1042 3848 neque
1062 3781 1171 3830 ostiam
1193 3782 1272 3848 quid.

174 3867 264 3920 quam.
284 3852 317 3902 de
336 3867 389 3920 qua
408 3853 486 3903 ctiam
507 3854 613 3905 divinus
634 3853 795 3921 Gregorius,
815 3851 960 3920 theologus
982 3851 1047 3916 ille,
1067 3853 1119 3903 ait:
1140 3851 1273 3904 efficietur

172 3938 263 3990 ucque
281 3938 348 3974 vero
368 3923 479 3988 efficiet,
499 3932 526 3976 et
544 3922 703 3993 simulatque
722 3925 818 3976 oiiccta
837 3931 886 3986 cst,
908 3923 1023 3987 desinet,
1042 3930 1072 3974 ut
1090 3924 1168 3975 ctiam
1189 3924 1273 3988 visus,

169 3995 221 4063 ‘qui
239 3996 309 4045 inter
329 3996 419 4046 visum
435 4005 462 4047 et
481 3997 615 4048 sidentem
634 3997 796 4059 intercedit,
825 4004 852 4046 ct
870 3996 940 4045 inter
964 4001 1112 4063 gustantem
1134 4002 1160 4046 et
1179 4005 1273 4062 gusta.

173 4075 229 4118 tum
249 4073 380 4134 gustatus.
400 4075 427 4117 et
445 4068 552 4119 divinus
570 4067 714 4135 Gregorius
732 4067 867 4132 Nyssacus
886 4065 959 4130 dicit,
977 4081 1029 4118 nou
1049 4080 1129 4132 posse
1150 4067 1275 4120 efficien-

172 4139 238 4190 tiam
259 4135 343 4188 uliam
362 4139 403 4188 rei
423 4139 560 4190 eiiicacem
580 4139 663 4205 ipsam
683 4141 710 4189 iu
730 4155 759 4190 se
779 4145 919 4202 constare,
938 4139 990 4189 nisi
1016 4138 1078 4206 quid
1097 4139 1212 4205 recipiat
1232 4139 1275 4189 es-

171 4210 310 4262 iicieutiae
335 4209 489 4260 motionem.
538 4209 605 4260 hacc
631 4212 701 4261 euim
731 4209 832 4260 habere
858 4211 1038 4262 necessariam
1057 4211 1187 4261 rationem
1205 4211 1276 4261 iuter

173 4298 214 4345 se,
233 4281 352 4332 activam
374 4288 401 4331 et
418 4281 551 4347 passivam
577 4283 648 4334 vim:
679 4296 790 4350 quorum
810 4283 833 4334 si
857 4289 1012 4334 secernatur
1029 4283 1133 4333 ratione
1153 4280 1275 4340 alterum,

172 4369 228 4404 nou
249 4355 278 4404 iu
299 4367 330 4405 se
349 4360 455 4404 constet
475 4352 554 4424 etiam
574 4353 717 4422 reliquum3
737 4354 835 4412 etcuim
850 4353 873 4407 si
892 4367 945 4406 nou
964 4355 1000 4407 sit
1019 4355 1150 4418 etiamr-es
1162 4351 1276 4418 patient,
