3184 5100
287 414 509 493 menonmn
532 422 790 492 mmmmm
818 424 942 490 xxxii.
967 408 1093 492 1-5.
1198 404 1271 492 377

170 592 227 656 rori
250 591 391 655 sororiano
420 581 580 669 κόμματος
613 582 695 671 ηὀαν
716 588 907 671 παροιμίαι,
940 581 1052 669 χώραν
1072 583 1166 670 ἐσχον
1185 612 1273 673 τηνι-

166 692 257 756 καῦτ’
278 692 499 755 ἐκλαλεῖσθαι·
548 687 627 770 μετὰ
651 688 711 776 γὰρ
738 690 909 768 τοσοῦτον,
932 682 976 764 ὥς
998 684 1134 772 εἴρηται,
1153 685 1274 774 χρόνον

167 795 311 878 ὀφθέντα
342 789 380 856 τοὶ
409 795 536 857 ἐκείνων
568 794 709 876 δυσσεβῆ
739 792 794 855 καί
827 793 924 855 πλείω
951 793 1005 875 τῆς
1036 791 1185 874 ἀσεβείας
1213 790 1270 876 τῆν

167 897 312 977 οἶμαθίαν
335 898 513 989 κεκτημέναΙ
537 892 690 979 λογάρια,
713 895 836 974 μᾶλλον
856 894 884 956 δ’
908 892 1007 957 εἰπεῖν
1029 893 1268 977 α’μβλωθρίδια,
1365 894 1372 901 ’

137 995 365 1077 5κατοίρνωσιν
386 999 446 1075 μὲν
467 1004 533 1069 τοῖς
558 994 694 1076 οἰκείοις,
715 1000 839 1078 γέλωτα
862 995 898 1059 δέ
927 1000 991 1068 τοϊς
1011 988 1175 1077 ῆμετέροις
1199 994 1270 1058 ένε-

164 1098 250 1161 ποίει
280 1086 413 1181 μακρόν.
464 1096 513 1160 διδ
547 1095 602 1159 καί
630 1093 738 1179 βραχέι
767 1096 906 1181 φανέντα
939 1092 1023 1177 ἐμοῦ
1054 1096 1096 1181 τῷ
1120 1096 1270 1177 πληγέντι

164 1196 235 1279 δέρι
261 1193 340 1278 πρὸς
362 1197 504 1283 ια’φανές
527 1190 644 1285 ᾤχοντο
668 1193 818 1261 α’πιέντα.
870 1196 910 1259 οδ
932 1194 1003 1278 ’μῆν
1031 1192 1123 1277 κόρος
1140 1185 1178 1279 ἦν
1200 1191 1272 1259 οὔδ’

164 1294 250 1362 σέτω
282 1298 339 1381 τῆς
365 1296 585 1381 κατασχούσης
615 1296 691 1374 τούς
714 1300 882 1379 δυσσεβεῖς
911 1298 1026 1369 κακίας
1048 1294 1179 1378 ου’δείς,
1201 1298 1269 1359 αλλ’

166 1395 280 1482 ἑτέραν
303 1401 354 1484 ἐφ’
377 1395 466 1488 ἓτέρφ
488 1402 595 1485 τρίβον
616 1406 681 1475 τοϊς
696 1405 858 1482 λογισμοῖς
879 1395 1036 1481 ἐβάδιζον.
1081 1397 1136 1464 καί
1158 1400 1270 1462 πασῶν

120 1500 225 1582 λοέψὲ
247 1504 393 1584 βελτίστη
415 1500 526 1585 σφισιν
555 1496 634 1585 αὕτη
661 1500 853 1580 νενόμισται.
910 1498 1015 1581 λόγοις
1047 1499 1105 1581 μὰρ
1130 1504 1308 1585 φιλικοῖς4
1392 1485 1401 1502 ’

164 1598 217 1663 διδ
239 1604 346 1681 μέσων
369 1603 471 1685 φίλων
490 1594 615 1683 σίνδροῖν
635 1602 722 1679 α’ξιοΐ
737 1602 768 1665 Γ
766 1605 903 1687 ρηγοροῖν
927 1596 1195 1683 Καντακοοζηνδς
1218 1596 1269 1663 οἴέ

163 1702 242 1764 καδε
265 1704 343 1785 παρ’
364 1697 464 1765 αὐτόν
485 1702 662 1785 α’φικέσθαι
684 1702 763 1786 πρὸς
789 1701 965 1785 οἶνοὶμνησίν
987 1723 1020 1763 τε
1048 1701 1105 1763 καί
1125 1699 1268 1763 α’νανέω·
1363 1692 1369 1712 ’

162 1824 213 1865 σιν
234 1796 311 1877 ἴσως
329 1804 386 1887 τῆς
409 1804 564 1885 προτέρας
583 1800 693 1886 φιλίας
715 1803 842 1887 ἐκείνης.
886 1804 941 1865 καί
961 1795 996 1875 ἐς
1015 1803 1149 1880 νομίσας
1168 1797 1268 1883 ἐπαγ-

161 1898 272 1985 γελίαν
293 1901 544 1985 ἐπανορθώσεως
568 1898 653 1984 ἐχειν
673 1902 708 1967 τό
731 1904 880 1985 προῖμμα,
901 1902 1000 1977 αι’τές
1021 1922 1073 1982 τε,
1094 1900 1138 1975 ὥς
1157 1905 1266 1987 φασίν,

119 2022 152 2076 15
163 2000 317 2087 ἄφίκετο,
345 2004 399 2065 καί
428 2005 464 2065 σέ
483 2024 518 2084 γε
539 2006 737 2088 συνέκδημον
765 1996 805 2085 ἦν
837 2000 1040 2085 ἐπαγόμενος.
1085 2004 1141 2065 καί
1160 1998 1184 2065 ἐ
1206 2003 1265 2080 μέν

161 2102 305 2188 ἠκηκόειν
334 2100 531 2187 αιίτός’ποιρ’
555 2102 779 2188 δτωνδῆποτε,
811 2105 901 2169 ταῦτ’
939 2101 1039 2168 ἐστίν’·
1091 2095 1113 2165 o‘?
1145 2103 1174 2166 δ’
1193 2097 1269 2183 ἐξῆς·

163 2201 299 2286 ἐγεγόνει
310 2251 320 2282 ,
344 2204 398 2268 καί
425 2198 510 2278 ὅπως
540 2208 595 2269 καί
627 2200 702 2269 ὅθεν
723 2204 762 2270 τὰ
778 2208 833 2291 τῆς
854 2208 1023 2284 διαλέξεως
1043 2196 1140 2280 αὖθις
1162 2200 1264 2285 α’ρξᾰ-

158 2328 240 2386 μενα
265 2296 326 2393 ὅπη
347 2303 579 2391 σννεπεράνθη,
603 2302 702 2390 ῆδέως
727 2302 767 2371 ἐν
786 2306 874 2392 πυροὶ
895 2311 955 2373 onai
977 2311 1148 2392 πυθοίμην.

263 2403 534 2489 Σονεληλιυθότοιν
555 2408 695 2492 α’μφοῖν,
720 2401 755 2473 oi-
768 2412 841 2496 φίλε
865 2408 1047 2493 Κλεόδημε,
1075 2406 1136 2491 πρὸ
1160 2408 1300 2492 δείληςι

115 2503 242 2596 wigius
262 2504 294 2583 ἐς
315 2505 350 2572 τὸ
369 2506 544 2591 μοναδικόν
565 2511 624 2572 τοῦ
645 2511 972 2595 προβεβασιλευκότος
991 2511 1262 2594 Καντακαυζηνοῦ

159 2604 428 2694 φροντιστήριον,
457 2613 599 2696 προσηνῆ
627 2615 687 2691 μέν
716 2610 772 2675 καί
802 2612 908 2694 ἡρέμα
940 2619 1089 2694 γλυκεῖαν
1108 2609 1185 2694 ἔσχε
1205 2608 1262 2692 τῆν

157 2706 266 2794 ἐρχῆν
287 2709 324 2774 τοὶ
347 2713 402 2794 τῆς
426 2709 575 2794 ὁμιλίας,
608 2716 662 2776 καί
683 2712 725 2790 nic
748 2704 787 2799 ῆν
809 2718 917 2790 αὐτοῖς
946 2714 1060 2790 εἰωθὸς
1077 2710 1112 2778 ἐκ
1132 2714 1261 2792 rottei,

156 2813 302 2897 ταραχῆς
325 2812 360 2876 δέ
379 2809 417 2877 τέ
440 2805 511 2896 ἑξῆς
541 2817 597 2880 κάί
615 2817 759 2900 θορύβου
789 2815 895 2881 πάντα
917 2818 1017 2897 μεστοὶ
1040 2817 1174 2902 ἐγεγόνει
1198 2839 1262 2879 πα-

156 3119 214 3164 tum
235 3125 312 3162 nsum
329 3109 511 3162 inveniebant.
549 3126 608 3163 nam
627 3118 690 3179 post
709 3119 808 3164 tantam
828 3112 900 3180 qnod
918 3113 1032 3165 ‹liximus
1050 3114 1179 3181 temporis
1194 3129 1259 3181 spa.

154 3186 223 3235 tium
244 3183 272 3232 in
292 3181 380 3232 lucem
407 3190 591 3253 provenerant
614 3182 723 3234 illorum
748 3183 878 3234 malitiosi
906 3192 934 3236 et
955 3185 1101 3250 impietatis
1121 3184 1259 3253 multoque

157 3254 270 3306 maioris
288 3254 457 3320 ignorantiae
475 3253 550 3320 pleni
569 3269 707 3306 sermonen
725 3254 771 3307 vel
790 3256 879 3322 potins
898 3256 968 3306 letas
986 3260 1139 3320 monstrosi,
1162 3257 1258 3323 quibos

160 3326 270 3378 sibimet
287 3326 338 3391 ipsi
357 3325 530 3392 ignominiam
550 3325 629 3378 nobis
649 3341 715 3378 vero
733 3327 817 3378 risum
836 3341 961 3394 magnam
977 3334 1129 3378 moverunt.
1166 3328 1258 3395 itaquo

160 3413 233 3466 quae
253 3397 306 3448 oito
325 3405 515 3463 apparuerunt,
533 3411 587 3447 nna
605 3413 664 3450 enm
673 3413 802 3465 percusso
817 3412 881 3450 aere
895 3405 1068 3450 evanuerant.
1105 3408 1195 3465 neque
1212 3407 1258 3449 ta.

157 3484 220 3520 men
239 3468 279 3520 sio
298 3467 354 3518 ulla
373 3469 482 3520 satietas
502 3477 559 3520 erat
571 3477 661 3520 tantae
674 3469 889 3522 adversariorum
898 3469 1093 3536 improbitatis3
1113 3470 1160 3522 sed
1178 3471 1257 3521 modo

159 3539 230 3592 bane
248 3537 325 3589 motio
345 3538 418 3590 illam
439 3543 509 3592 viam
528 3543 555 3591 in
580 3541 819 3608 disceptationibus
838 3541 941 3592 inibant
967 3549 994 3592 et
1018 3541 1048 3591 in
1071 3541 1124 3593 line
1152 3539 1204 3591 boo
1222 3541 1257 3591 iis

158 3612 229 3662 inter
248 3610 301 3660 alia
320 3611 407 3661 omnia
427 3614 512 3664 risum
535 3621 592 3664 erat
611 3614 751 3680 optimum.
780 3614 931 3668 omimium
954 3611 1079 3663 familiari
1096 3612 1257 3663 invitatione

159 3682 304 3749 Gregoram
325 3681 527 3734 Cantscnaenus
544 3686 648 3736 domum
674 3699 747 3737 suam
767 3685 878 3735 vocarit
902 3691 933 3734 nt
949 3690 1126 3734 renovaretur
1144 3683 1258 3749 pristina

157 3754 283 3805 amicitia.
322 3761 348 3803 et
367 3751 415 3804 ille
435 3757 536 3806 nuntiis
555 3757 688 3807 amicitiae
710 3755 826 3806 conlisus
845 3771 904 3806 enm
932 3756 1060 3806 contenit
1087 3762 1114 3805 et
1136 3762 1165 3804 te
1192 3755 1257 3822 quis

156 3826 216 3878 dem
239 3826 346 3876 comite.
384 3825 451 3877 liaeo
471 3834 558 3878 autem
577 3836 716 3895 suntquae
735 3827 767 3877 ab
786 3826 962 3894 aliisaceepi.
999 3825 1255 3893 quaefactadeinde

156 3897 210 3949 sint
232 3903 259 3946 et
278 3899 410 3962 quomodo
430 3906 457 3950 ot
474 3897 545 3948 unde
565 3900 779 3950 concertationes
788 3899 987 3968 redintegratae
1005 3904 1117 3967 atquem
1126 3897 1254 3969 sobnam

156 3966 303 4037 perductae
322 3970 375 4020 sint
393 3983 408 4019 a
426 3977 453 4020 te
472 3971 625 4036 percontari
644 3970 718 4022 volo.

258 4063 313 4116 llos
331 4065 407 4114 ambo
427 4066 511 4115 amice
534 4064 678 4118 Cleodome
698 4083 777 4134 quum
799 4068 965 4118 venissemus
979 4067 1049 4118 bene
1063 4082 1141 4137 mane
1159 4067 1187 4118 in
1205 4085 1252 4119 re.

158 4136 200 4203 gis
220 4133 400 4188 cantoenneni
423 4135 518 4187 cellam
542 4140 712 4202 monasterii,
732 4139 816 4204 p'rimo
837 4138 942 4206 quidem
967 4147 996 4190 nt
1013 4137 1091 4189 nobis
1110 4139 1252 4190 ineundum

159 4213 224 4269 erat,
244 4205 315 4258 laeto
338 4216 364 4258 et
383 4207 507 4260 familiari
527 4224 576 4258 usu
596 4224 653 4259 cum
664 4211 698 4260 iis
710 4211 783 4260 iruiti
793 4226 893 4274 sumus,
907 4210 1011 4278 qualem
1025 4217 1106 4261 antea
1125 4225 1159 4261 ex
1169 4209 1252 4261 multo

160 4283 283 4346 tempore
303 4293 501 4331 consueramns.
539 4281 585 4331 sed
603 4280 695 4348 paullo
716 4289 778 4348 post
797 4282 891 4333 turbae
916 4289 942 4332 et
960 4280 1087 4333 tumultus
1105 4282 1252 4333 redierunt.

158 4345 205 4399 nbi
227 4353 297 4404 enim
317 4366 365 4404 rex
390 4351 591 4407 Cantacurenus
617 4353 687 4405 inter
713 4351 850 4422 colloquia
869 4351 1002 4407 Palamam
1025 4351 1137 4427 laudare
1159 4365 1251 4406 rursus
