3184 5100
251 510 253 516 Α
295 402 406 507 ,οδε
632 410 856 479 nrcnrnour
889 408 1119 477 onnuonsn

167 614 180 629 ·
272 622 276 626 -
329 579 480 658 χρίεσθαι
491 573 584 663 μύρηι
596 572 788 655 κεκόμισται,
801 573 936 652 ἕψουσιν
950 558 984 635 ἐν
1000 578 1258 654 πενταετηρικαίς
1269 572 1434 653 περιόδοις

329 671 425 758 ἢκαί
446 676 584 739 πλείοσιν
600 671 677 751 ἴσως
702 674 757 737 καί
777 667 904 756 ἥττοσιν
929 674 1029 738 ε’νίοτε
1049 669 1129 735 κατό
1154 668 1212 754 τήν
1235 674 1297 734 τόν
1324 665 1432 735 ἄλλοτ’

328 766 433 839 ἄλλων
457 773 608 857 βούλησιν
637 774 693 837 καί
722 773 835 854 χρείαν
865 772 1094 853 πατριαρχοόν,
1125 772 1159 835 ίν
1194 766 1295 856 τσότφ
1320 768 1433 854 φυγοόν

211 871 504 957 Μθόῐοόπότρσμος
526 879 581 939 καί
600 872 749 957 περιδεης
770 873 786 937 ό
811 877 891 955 χθὲς
915 871 1049 955 ότιόκτης
1063 867 1204 963 ,θρασύς
1226 870 1280 933 ε’πί
1302 876 1432 945 πολλοῖς

332 974 502 1059 ἐκρύπτετο
524 986 593 1051 τοῖς
615 976 771 1061 ἡμέραις,
793 975 1007 1059 η’χρειοομένσς
1039 975 1094 1037 καί
1112 968 1199 1053 μύλα
1222 973 1460 1054 όπαγορεόοονδ

330 1075 366 1141 τό
393 1080 459 1160 ζῆν.

265 1190 318 1243 0!
423 1170 560 1256 Ἔξεστιν
571 1170 630 1241 σόν
643 1179 890 1259 συλλογίζεσθαι
904 1177 970 1249 πός
992 1175 1030 1239 τό
1048 1176 1128 1257 χθὲς
1142 1175 1196 1238 καί
1218 1172 1329 1257 πρώην
1350 1169 1432 1254 μετὰ

329 1283 472 1361 σοβαροῦ
492 1282 550 1342 τού
572 1268 671 1360 ἧθοος
702 1280 957 1361 δημοσιωθέντα
986 1279 1031 1364 τῷ
1054 1278 1199 1363 Φιλοθίηι
1226 1271 1434 1357 μεγαλουχὴ-
1518 1345 1519 1349 ¹

328 1404 418 1460 ματα
447 1375 526 1443 κατό
554 1381 615 1441 τεόν
650 1375 906 1460 όρθοόοξσύνιισν
929 1376 983 1441 καί
1013 1374 1071 1453 τός
1104 1380 1160 1459 τῆς
1182 1372 1433 1459 βαμολσχούσης

329 1475 468 1562 γλαίττης
490 1479 697 1562 εὐτραπελίας
721 1473 848 1562 ἤλεγξεν
872 1478 929 1541 σόκ
945 1481 991 1553 είς
1012 1475 1138 1559 μακρόν
1162 1474 1280 1557 όθεός,
1305 1478 1433 1539 δικαίαν
1444 1487 1480 1543 10

329 1576 388 1661 την
412 1579 517 1660 κρίσιν
538 1579 711 1663 ε’πενεγκοόν
731 1581 775 1665 τῷ
797 1580 958 1665 περιφανῆ
990 1578 1048 1662 την
1069 1578 1198 1643 όδικίαν
1222 1578 1267 1651 είς
1289 1575 1324 1640 τό
1348 1570 1433 1656 ύψσς

331 1680 515 1761 λαλήσαντι,
534 1684 656 1760 μᾶλλον
676 1682 712 1744 δὲ
734 1682 908 1765 λαλησανίι
936 1685 995 1760 μὲν
1017 1682 1072 1744 καί
1096 1678 1179 1757 τότε,
1204 1674 1375 1761 λαλήσαντι
1397 1680 1435 1743 δὲ

330 1781 386 1843 καί
419 1777 573 1863 πρότερον
607 1771 627 1862 ἢ
665 1776 737 1844 τότε
773 1784 829 1845 καί
868 1778 1065 1861 μεθύστερον
1101 1772 1122 1863 ἢ
1158 1777 1248 1859 τότε,
1281 1781 1336 1841 καί
1373 1784 1435 1843 λα-

330 1880 434 1943 λσύντι
466 1882 615 1962 διηνεκῶς
647 1881 730 1967 αύτῷ
763 1880 827 1944 καί
847 1875 916 1945 όσσι
947 1879 1030 1964 ἀμφ’
1054 1877 1148 1945 ούτόν
1177 1882 1232 1943 καί
1262 1874 1322 1944 σόν
1346 1878 1436 1965 αύτῷ

278 2041 282 2045 Α
330 1984 538 2060 πολεμισταί.
605 2004 652 2055 τις
690 1984 708 2044 δ
761 2004 818 2045 οοκ
860 2006 900 2045 αν
934 2002 1065 2045 απειπσι
1105 1979 1296 2062 βουλόμενος
1336 1979 1481 2063 α’ριθ-Ιδ

329 2088 402 2161 μεῖν
422 2078 497 2154 τούς
518 2089 705 2165 περιφανεῖς
726 2088 794 2146 κατ’
815 2080 923 2147 αὐτόν
944 2080 998 2145 όεί
1009 2085 1192 2164 γινομένους
1205 2082 1321 2145 θεόθεν
1346 2083 1436 2164 ἐλίγ-

327 2202 408 2263 χοος
431 2175 510 2245 ιόστε
534 2179 662 2247 σύνεσιν
691 2185 860 2264 σχεῖν-είς
891 2180 1108 2268 ίπιστρσφηνς
1131 2184 1178 2256 τίς
1200 2183 1227 2244 δ’
1246 2185 1304 2244 ούκ
1324 2173 1364 2245 όν
1382 2185 1436 2245 ε’κ-
1518 2174 1519 2185 ’

300 2341 307 2358 s
331 2283 464 2364 πληγείη
484 2286 610 2363 βλέπων
631 2280 667 2347 τό
691 2282 836 2363 α’κομπδς
865 2284 972 2349 αύτῶν
1003 2284 1059 2345 καί
1079 2281 1309 2367 α’νεπίστρσφσν
1331 2283 1375 2355 είς
1397 2281 1433 2347 τό
1518 2298 1519 2303 ’

331 2376 387 2462 τὴν
405 2386 565 2466 σφετέραν
593 2391 737 2446 συνεῖναι
769 2380 910 2466 αλόνην,·
940 2382 996 2447 κοί
1023 2384 1123 2448 ταῦτα
1147 2384 1206 2463 μὲν
1227 2386 1338 2447 τοῦτον
1359 2380 1435 2465 ἔσχε

331 2480 387 2543 τὸν
409 2477 532 2563 τρόπον.
667 2532 672 2543 .
957 2555 967 2567 „
1318 2530 1337 2568 0
1443 2495 1480 2549 20

267 2592 320 2644 ⁸0
435 2586 503 2646 Τόν
525 2586 551 2647 δ’
571 2580 667 2650 υἱέων
684 2588 950 2672 Καντακοοζηνσύ
971 2589 1145 2659 Ματθαϊσς
1164 2590 1223 2666 μὲν
1242 2585 1258 2648 ό
1282 2582 1435 2667 βασιλεύς

333 2681 507 2764 διατρίβων
530 2681 624 2772 {rogo
645 2689 818 2768 τηνικούτα
842 2689 875 2759 ἐς
896 2683 956 2750 όοα
973 2687 1119 2750 ἐπέκεινα
1140 2689 1378 2767 Διδυμστείχου
1400 2709 1434 2749 τε
1519 2705 1520 2708 ’

331 2779 387 2844 καί
412 2783 627 2866 Ὀρεστιύδσς,
651 2783 812 2871 Μανοοηλ
842 2787 870 2849 δ’
901 2785 917 2848 ὃ
949 2790 1017 2867 μετ’
1052 2789 1169 2851 ἐκεῖνον
1179 2833 1188 2866 ,
1220 2788 1371 2870 δεσπότης
1399 2783 1434 2868 τό
1519 2863 1520 2894 1

332 3068 394 3120 dum
412 3066 556 3121 secundnm
575 3065 742 3120 voluntatem
766 3075 794 3120 et
818 3067 992 3136 indigentium
1015 3065 1128 3120 eliorum
1155 3065 1210 3118 elio
1229 3076 1352 3134 temporo
1367 3083 1436 3120 con..

332 3140 482 3191 stitutornm
504 3139 711 3206 patriarcharum
731 3138 783 3190 hoc
807 3147 928 3206 tempore
951 3139 1057 3208 fugiens
1081 3138 1269 3191 tremebundus
1289 3148 1316 3192 et
1333 3139 1436 3193 timoris
1519 3177 1520 3180 ε

334 3210 429 3278 plenus
458 3211 504 3277 qui
523 3209 582 3264 heri
602 3208 758 3278 persecutor
783 3212 929 3262 acerrimus
948 3211 1036 3263 iuerat
1063 3211 1091 3262 in
1110 3209 1208 3262 multos
1227 3211 1285 3264 dies
1303 3227 1364 3264 seso
1385 3211 1437 3262 nb.

333 3281 479 3334 scandebat
497 3281 630 3334 inutiliter
649 3290 793 3334 conterens
812 3290 840 3333 et
860 3281 939 3334 vuldo
960 3283 1112 3336 detrectans
1132 3283 1222 3334 vitem.

432 3368 508 3420 Licet
525 3370 608 3437 igitur
625 3370 809 3421 ratiocinando
831 3370 940 3422 studere
958 3371 1066 3438 nssequi
1080 3370 1212 3436 quomodo
1235 3370 1358 3438 vulgatus
1376 3369 1436 3422 heri

334 3448 362 3492 et
377 3455 463 3507 nuper
482 3439 598 3506 superbo
617 3455 728 3491 moron
753 3440 897 3492 Philotheo
927 3441 959 3492 de
973 3442 1059 3492 iustae
1081 3441 1143 3492 fidei
1172 3441 1323 3494 homiuibus
1349 3443 1435 3493 iacta.

333 3513 423 3564 tiones
442 3519 470 3562 et
487 3510 608 3562 scurrilis
632 3510 741 3579 lingnne
768 3511 880 3564 incuties
907 3512 1020 3564 urbnnns
1041 3515 1194 3580 coarguerit
1220 3527 1274 3564 uon
1295 3515 1333 3565 ita
1351 3513 1435 3566 multo

334 3583 400 3634 deus
418 3584 515 3633 iustum
534 3583 562 3632 in
582 3582 708 3634 iudicium
720 3590 825 3634 'voesto
848 3597 880 3634 eo
900 3585 946 3650 qui
969 3584 1135 3636 menifestum
1155 3584 1276 3636 iniurium
1294 3585 1373 3636 nimis
1392 3587 1436 3636 in.

336 3653 425 3705 ctnbut
442 3653 527 3720 magis
542 3661 629 3705 nutem
644 3654 848 3706 etiominctubot
867 3661 930 3718 tum,
948 3653 1063 3708 inotnbst
1082 3669 1149 3706 vero
1167 3657 1245 3707 etism
1264 3656 1338 3722 prius
1357 3672 1435 3724 quum
1519 3703 1520 3708 ,

334 3733 388 3776 turn
408 3732 435 3774 ot
454 3725 534 3775 inotot
563 3720 733 3778 contin‘enter
751 3725 804 3778 sibi
823 3726 874 3792 ipsi
899 3733 926 3776 et
948 3734 1079 3795 quotquot
1108 3728 1179 3778 circo
1199 3743 1257 3778 eum
1278 3735 1382 3778 etcum
1402 3742 1435 3778 eo

333 3803 475 3846 versentur
499 3794 622 3847 Pninmne
644 3803 803 3848 sectatores.
847 3797 906 3864 quis
926 3805 1012 3848 autem
1038 3812 1091 3849 non
1116 3799 1249 3852 desciscat
1268 3797 1364 3850 volens
1382 3816 1435 3852 nu.

334 3879 437 3915 merore
457 3873 549 3931 operto
570 3880 618 3932 pro
644 3867 678 3918 iis
700 3883 807 3934 semper
834 3867 904 3918 factu
923 3869 1051 3920 divinitus
1075 3877 1230 3934 argumente
1257 3870 1295 3920 itn
1313 3877 1343 3920 ut
1363 3871 1436 3922 iudi-

333 3936 402 3984 cium
431 3950 543 4002 pronum
569 3936 602 3987 ed
628 3939 832 3990 conversionem
857 3939 937 3989 animi
964 3940 1008 3992 sit.
1053 3939 1112 4008 quis
1136 3955 1190 3991 non
1214 3941 1325 3992 miretur
1341 3942 1435 3994 ridens

334 4008 508 4057 constantium
526 4021 581 4058 non
600 4005 756 4060 flectendum
774 4009 807 4060 od
835 4008 1038 4078 intelligendum
1061 4027 1136 4063 suum
1156 4027 1283 4063 errorem.
1322 4020 1349 4064 et
1368 4013 1435 4065 hoec

334 4076 438 4143 quidem
458 4077 511 4128 hoe
527 4077 605 4129 modo
625 4087 700 4130 eront
719 4088 879 4146 comparato.

433 4162 563 4216 Filiorum
587 4171 675 4216 nutem
702 4167 883 4220 cunensem
910 4168 1046 4222 Mntboeus
1070 4141 1180 4238 'quidem
1207 4185 1257 4222 rex
1284 4178 1339 4222 turn
1364 4171 1435 4224 forte

336 4230 538 4286 venabatur'in
557 4234 591 4287 iis
615 4235 771 4304 regionibns
793 4253 862 4305 quoe
886 4239 958 4292 ultre
982 4239 1116 4307 duplicem
1142 4256 1243 4293 murum
1266 4249 1293 4293 et
1311 4241 1435 4294 Orestis.

329 4304 402 4357 δσοτ.
439 4304 543 4359 Ιιοοελ
568 4321 634 4360 sero
658 4307 704 4374 qni
728 4309 861 4360 retunsius
888 4309 921 4361 ab
940 4307 989 4362 illo
1019 4318 1076 4363 erut
1098 4318 1226 4379 ιτιαιιιιιιτ
1257 4313 1435 4382 dignitatern
