3184 5100
668 148 675 149 ff
694 148 710 149 W
717 146 1176 155 ——u—s—rnn—
1182 146 1197 156 nr
1203 146 1257 158 ·=ffl=
1264 146 1296 159 -.¹-—
1302 149 1324 160 s-
1335 153 1352 161 .-

295 402 520 473 ursroume
544 399 961 470 summumnxxmr.
978 351 1190 519 ’σο-’λλ
1229 366 1300 468 ίαν

92 620 107 633 ,
197 564 597 651 ζδντωνίγμωμοσδνην,
625 562 723 640 αδτδς
752 558 826 658 οὔτε
851 568 1035 647 καρίννυται
1069 558 1135 630 οὔτ’
1159 566 1418 634 altercaremur.

196 666 271 735 οὔτε
293 669 433 754 δχθροδς
467 659 539 734 οὔτε
567 665 684 755 φίλους
713 661 786 731 οὔτε
817 666 882 750 μῆν
909 664 965 750 τῆν
985 664 1098 751 [πάντα
1118 663 1300 748 βόσκουσαν

197 770 290 857 ῆλίου
313 768 427 856 φλόγα.
472 769 552 852 πρὸς
572 766 764 854 τείνοὶλγῆτον
792 772 820 833 δ’
843 762 956 833 ἑαυτὸν
984 764 1018 833 εδ
1042 766 1200 853 παράπαν
1215 772 1365 850 χαλ-81

197 871 299 938 κείων
314 870 386 951 αἐί,
405 874 461 935 καί
481 869 518 936 τὰ
539 872 640 953 μειζω
662 874 853 955 προστίθησι
868 873 930 934 ταῖν
943 872 1068 948 κακοῖν,
1091 870 1147 933 καί
1160 870 1300 949 ου’τουρ-

169 984 188 1037 5
195 970 272 1057 γοδς
292 970 367 1049 τσδς
389 973 522 1047 α’θλίους
535 973 599 1035 τῶν
617 970 903 1054 οἶκειωνγίνεσθαι
919 969 1094 1054 συμφορῶν
1118 965 1301 1049 α’ναγκᾰζει,

196 1075 321 1156 βιαίους
338 1069 596 1158 μαστιγοφόρους
616 1073 768 1157 σφοδρῶς
788 1072 937 1156 δφιστοδν,
961 1066 1004 1145 ὥς
1026 1062 1065 1133 ίίν
1087 1076 1152 1145 ταῖς
1174 1062 1300 1132 ἑαυτῶν

136 1251 142 1257 .
197 1170 293 1238 ου’τοί
310 1172 366 1237 καί
378 1170 498 1249 πλοίοις
521 1168 588 1253 ίίμα
612 1171 668 1236 καί
681 1174 793 1255 χερσίν
808 1171 842 1235 du
859 1172 916 1254 τῆς
932 1172 1065 1253 πατρίου
1078 1170 1135 1252 γῆς
1148 1164 1228 1251 πρὸς
1240 1164 1299 1250 τῆν

198 1270 375 1360 α’λλόφυλδν
387 1296 422 1338 τε
435 1272 489 1337 καί
507 1276 673 1359 βάρβαρον
687 1272 912 1353 αἰχμαλώτους
935 1268 1206 1352 διοπορθμεδυιεν
1226 1265 1300 1341 τούς

198 1372 361 1461 δδελφσδς
375 1376 430 1439 καί
445 1380 559 1461 φίλους
579 1376 634 1438 καί
648 1368 833 1459 ὁμοφύλους
857 1370 912 1435 καί
924 1378 1092 1455 συγγενεῖς,
1108 1370 1301 1455 θρηνοῦντες

151 1493 189 1549 10
198 1476 294 1541 αδτοί
309 1478 509 1560 θρηνοῦντας
522 1474 650 1554 αὐτούς,
669 1470 785 1556 γδναιοὶ
801 1494 833 1537 τε
848 1474 900 1535 καί
918 1463 1076 1553 παιδοίρια
1093 1468 1203 1553 οἰκτροὶ
1219 1468 1301 1534 ποίν-

195 1600 257 1651 τας
268 1572 428 1658 δριθμοδς
440 1573 681 1657 ὕπερβαίναντα,
697 1574 751 1637 καί
765 1562 1087 1657 περιηγκωνισμίνους
1104 1562 1237 1654 ἄνδρας,
1248 1570 1304 1636 καί

195 1675 363 1764 ᾑμαγμένα
383 1672 527 1762 λαφδρα,
542 1674 598 1740 καί
613 1668 686 1755 Ιίίμα
699 1672 778 1757 βαῆν
789 1675 933 1756 συμμιγῆ
947 1676 1002 1739 καί
1015 1670 1200 1757 α’λοφυρμόν
1215 1672 1302 1753 α’μδ-

196 1782 305 1861 θῆται.
348 1773 450 1861 φειδώ
472 1778 507 1839 δὲ
528 1780 616 1841 πᾶσα
637 1775 694 1839 καί
712 1775 927 1857 ἀνθρωπίνων
948 1770 1119 1857 στλείγχων
1143 1771 1302 1855 οἰκτιρμοί

197 1880 256 1942 τοῦ
268 1876 545 1962 ποιμαίνεινισφοῖς
558 1878 612 1942 καί
632 1877 760 1939 διοικεῖν
776 1872 928 1955 λαχόντας
947 1869 1300 1957 βασιλέωςίξερρυῆκε-
1389 1904 1391 1909 v
1410 1900 1427 1910 ··

106 2045 119 2057 ‚
154 1988 189 2045 15
198 2001 259 2041 σαν
280 1972 492 2055 παντάπασιν,
517 1975 562 2049 είς
581 1964 785 2049 draconisve
799 1970 987 2047 καταδύντες
1006 1969 1189 2057 συλλήβδην
1211 1977 1300 2037 πυθ-
1348 2002 1363 2011 ·’

197 2080 299 2160 μένας
323 2080 432 2141 εἰπεῖν.
476 2072 559 2140 οὕτω
590 2078 625 2140 δὲ
646 2072 726 2157 μεταλ
760 2077 816 2158 τῆς
839 2069 955 2155 ἑαυτοῦ
984 2070 1040 2138 καί
1060 2069 1116 2157 τῆν
1137 2072 1216 2155 ε’μῆν
1237 2072 1365 2160 dra-33

197 2176 308 2259 πιίζων
334 2176 388 2243 καί
407 2175 589 2243 δπατσίττων
610 2178 766 2261 διοίκησιν
788 2179 852 2240 τοῖν
872 2178 998 2258 ψυχαῖν,
1022 2179 1076 2239 καί
1097 2176 1175 2257 μίοιν
1197 2178 1298 2239 πυιαδν
1359 2200 1371 2217 ·

197 2276 358 2363 οδμότῆτος
386 2278 719 2363 τυραννίδα,ψυχῶν
747 2272 830 2357 ὁμοῦ
861 2278 916 2340 καί
937 2274 1094 2357 σωμάτων
1127 2275 1300 2357 α’παίλειαν,
1377 2302 1382 2311 ’

196 2375 377 2459 θαυμάζειν
396 2401 451 2455 μοι
473 2376 575 2443 ἔπεισι
598 2382 665 2455 παῖς
697 2373 941 2461 εἰρωνευόμενος
969 2374 1048 2459 πρός
1067 2400 1109 2457 με
1129 2378 1219 2441 ταῦτ’
1242 2377 1304 2457 αυύ1

150 2481 354 2567 μοίρυθριρῖ,
384 2478 454 2543 ἀλλ’
476 2480 522 2555 εἰς
555 2480 714 2566 ἆρμσνιάν
735 2480 832 2563 δῆθεν
855 2484 1035 2563 παρακαλεῖ
1059 2500 1099 2560 με
1118 2476 1300 2562 Ῥωμαϊκῆς
1355 2541 1362 2547 ,

198 2582 360 2654 πολιτείας
382 2577 437 2644 καί
456 2573 525 2660 ίίμα
547 2583 732 2664 σωματικῆς
765 2603 799 2644 τε
825 2577 879 2643 καί
899 2582 1040 2663 ψυχικῆς
1062 2575 1300 2661 καταστάσεως,

196 2679 254 2745 καί
275 2683 406 2763 συγχέαι
427 2681 482 2763 τῆς
517 2685 669 2767 α’λῆθείας
704 2681 761 2764 τῆν
789 2679 906 2768 φύσιν,
935 2682 990 2744 καί
1013 2677 1035 2743 d
1065 2681 1213 2746 καταλύει
1234 2689 1301 2756 τοῖς

197 2779 302 2865 ἔργοις
316 2786 426 2846 ταῦτα
450 2783 571 2870 γλώττῃ
604 2787 882 2867 μεγαλορρημυνεί
907 2782 1140 2879 διορθοῦσθαι,
1161 2782 1216 2846 καί
1234 2807 1299 2863 μαη

197 3102 327 3172 quitatem
344 3109 487 3170 respuant,
509 3104 568 3172 ipse
588 3119 640 3157 nec
654 3103 764 3158 satiatur
790 3118 842 3156 nec
861 3109 970 3156 veretur
994 3102 1118 3156 iuimicus
1136 3110 1182 3157 aut
1201 3103 1301 3158 amicos

197 3181 245 3226 aut
266 3174 351 3240 ipsam
371 3190 460 3225 rerum
478 3178 594 3227 omniurn
612 3177 744 3228 nutricem
762 3174 837 3228 illam
858 3175 923 3228 solis
951 3173 1047 3226 lacem.
1087 3175 1157 3226 omni
1170 3175 1301 3232 laumaui.

197 3253 253 3298 tate
271 3243 376 3296 abiecta
394 3253 445 3320 tarn
464 3247 544 3299 durus
567 3255 594 3298 et
613 3247 716 3299 lerreus
736 3247 821 3318 lactus
841 3254 891 3310 est,
909 3253 937 3297 ut
956 3246 1035 3298 etiam
1054 3247 1169 3298 maiores
1189 3247 1300 3298 calami.

197 3325 268 3370 tutes
288 3316 406 3368 adderet.
455 3319 568 3370 miseros
589 3319 659 3370 euim
686 3317 750 3370 illos
769 3332 954 3370 aerumnarum
972 3333 1078 3370 suarum
1098 3324 1222 3372 auctores
1241 3319 1310 3370 licri=

198 3387 376 3441 vehementer
395 3391 480 3458 cogis,
501 3391 545 3458 qui
563 3391 614 3457 ipsi
633 3390 688 3442 suis
703 3389 816 3442 naribus
837 3407 851 3441 e
873 3389 958 3456 patria
972 3390 999 3439 iu
1018 3389 1187 3458 peregrinam
1201 3397 1298 3441 terram

198 3461 307 3523 iratres,
326 3460 443 3525 amicos,
462 3461 634 3526 domesticos,
654 3461 799 3512 familiares
819 3469 911 3530 captos
930 3467 1118 3527 transportem.
1156 3459 1298 3512 mulierum

199 3530 401 3598 liberorumque
420 3529 527 3596 luctus,
549 3535 669 3585 virorum
687 3531 814 3596 lactatis,
838 3533 937 3600 praeda
965 3541 1076 3584 cruenta
1090 3540 1117 3584 et
1136 3532 1251 3583 clamore
1272 3540 1298 3584 ot

199 3601 306 3654 ululatu
332 3603 459 3655 continuo
484 3605 566 3655 mixta
591 3619 695 3656 omnem
719 3605 826 3656 modam
847 3603 962 3656 excedit.
1000 3603 1098 3656 lenitas
1126 3619 1192 3656 vero
1212 3605 1297 3654 omnis

200 3681 228 3725 et
245 3673 430 3726 misericordia
451 3677 524 3744 regis
544 3677 572 3726 in
592 3691 639 3727 eos
659 3687 770 3743 quorum
791 3684 848 3727 crat
867 3675 1029 3744 gubernator
1057 3676 1216 3727 constitutus
1236 3683 1298 3726 tau.

200 3759 279 3814 quam
298 3745 326 3795 in
340 3746 420 3797 maris
438 3745 605 3798 altitudinem
625 3747 746 3799 demersa
765 3747 844 3814 plane
864 3754 1018 3798 evanuerat.
1057 3747 1104 3798 tali
1122 3747 1199 3798 modo
1219 3761 1298 3815 quum

198 3815 367 3881 reipublicae
386 3817 606 3869 administrationi
625 3834 691 3870 suae
708 3820 879 3878 meametiam
898 3819 1042 3869 animarum
1062 3833 1151 3870 curam
1171 3819 1199 3870 vi
1219 3827 1298 3887 atque
1332 3851 1337 3858 -

202 3887 315 3938 arbitrio
334 3901 383 3938 suo
403 3888 556 3952 addidisset,
567 3890 604 3940 ita
623 3897 652 3940 ut
669 3891 697 3940 in
708 3889 830 3942 delendis
850 3898 876 3940 et
896 3889 1053 3956 corporibus
1065 3899 1091 3942 et
1109 3890 1202 3942 animis
1221 3905 1299 3942 uuam

200 3958 367 4027 crudelitatis
387 3961 554 4026 tyrannidem
574 3969 724 4025 exerceret,
744 3962 853 4013 miratus
873 3977 930 4014 sum
950 3976 997 4012 cur
1015 3961 1213 4014 dissimulanter
1231 3961 1299 4013 haec

198 4029 265 4082 milri
286 4031 378 4082 dicere
404 4046 459 4082 non
488 4032 676 4096 erubesceret,
695 4033 742 4084 sed
761 4033 794 4083 ad
817 4035 973 4084 sociotatem
992 4035 1069 4102 regni
1089 4035 1202 4086 llomani
1222 4041 1248 4084 et
1267 4021 1300 4086 a'd

201 4102 368 4152 curationem
389 4110 416 4153 et
434 4117 575 4170 corporum
595 4112 622 4154 et
640 4105 785 4155 animarum
804 4119 846 4155 me
868 4111 987 4156 vocaret.
1032 4113 1152 4158 naturam
1176 4105 1299 4158 veritatis

198 4173 325 4236 misenit3
345 4175 443 4224 etenim
465 4190 534 4243 quse
554 4174 631 4227 lactis
657 4174 812 4238 sustulerat,
842 4175 1017 4244 profitebatur
1048 4193 1077 4229 se
1102 4178 1245 4229 restituere
1273 4185 1299 4228 et

201 4244 323 4294 oratione
344 4245 473 4296 tactorum
491 4246 616 4298 dissinili
640 4246 776 4297 bominum
794 4247 897 4299 animos
916 4249 1047 4301 adunam
1066 4265 1096 4302 se
1115 4263 1247 4301 revocare
1266 4247 1299 4297 ad

199 4315 320 4369 iustitiae
339 4315 540 4372 similitudinem
559 4317 726 4390 gloriabatur
744 4319 821 4389 quasi
840 4319 931 4374 dicere
953 4319 1052 4377 uellet:
1072 4320 1184 4392 agedum
1206 4317 1297 4372 venius
