3184 5100
310 426 535 497 utsuomau
553 418 810 495 nrmumnau
826 426 969 492 αιτιοι.
989 398 1122 493 1-5(
1206 412 1284 493 too

73 605 76 624 '
186 594 371 682 ἀνθρώποις
390 594 512 677 τολμῦν
530 588 651 677 δρατήν
673 582 756 655 εἶναι
774 587 831 676 τ’ήν
854 588 950 678 φῦσιν
970 592 1027 655 τοῦ
1048 592 1112 655 cuis
1135 591 1284 668 ἀπάντων

73 706 77 740 ³
185 698 382 783 δημιουργοῦ
411 694 500 761 θεοῦ.
541 691 587 779 μή
612 685 670 758 οάν
701 689 751 760 ἀει
781 692 912 780 θρήνων
941 690 997 757 καί
1026 692 1173 780 δακρύων
1195 691 1283 773 ἀξιον

184 799 382 883 παμπόλλων
400 798 534 883 πάτριον
552 790 659 882 δόγμα
682 798 740 882 τῆς
747 794 916 882 ἐκκλησίας
937 795 1099 871 κινοῦντας
1111 802 1177 872 τοῖς
1200 795 1283 861 ἀπο-Ι

73 913 75 934 ’
184 905 341 976 στολικοῖς
370 900 491 985 ἐκείνης
513 896 714 981 ἀναθέμασιν
741 892 875 973 ἐαυτοῦς
895 888 998 961 ἓκοντὶ
1014 896 1176 983 παρέχειν,
1200 896 1283 969 ἀλλά

155 996 240 1070 duos*
257 1001 377 1085 μανίας
397 1000 483 1085 όμοῦ
503 1000 559 1064 καί
581 998 781 1084 ἠλιθιότητος
802 998 893 1085 γέμει
921 998 1054 1061 τοιαῦτα
1084 996 1283 1082 λογίζεσθαι.

73 1119 75 1152 1
183 1101 238 1167 ἐπί
266 1082 329 1193 γάρ
361 1105 471 1167 πάσαν
495 1101 707 1167 διδασκαλίαν
733 1102 789 1166 καί
821 1098 930 1165 πάσαν
950 1098 1096 1184 μάθησιν
1126 1100 1160 1163 ἐκ
1182 1102 1282 1184 προῦ-
1393 1091 1398 1108 '

73 1223 75 1236 ’
185 1206 374 1290 παρχοόσης
392 1206 542 1290 γίνεσθαι
566 1203 729 1289 φάσκουσι
742 1200 900 1287 γνώσεως.
945 1201 998 1264 δεῖ
1014 1197 1077 1285 γάρ
1101 1199 1319 1285 μαρτυρίας4

73 1354 75 1361 .
182 1308 216 1370 ἐν
237 1314 305 1382 τοῖς
322 1306 475 1382 τοιοῦτοις
497 1305 621 1380 ἐκείνας
641 1302 834 1391 προβάλλειν
855 1304 900 1379 είς
921 1303 1082 1389 προῦπτον
1103 1300 1159 1367 καί
1180 1323 1287 1387 caps-r

73 1457 74 1460 ,
183 1408 300 1493 στέραν
328 1406 468 1491 δήλωσιν
494 1411 559 1472 τοῖν
583 1405 814 1492 ἀτελεστέρων,
847 1402 886 1469 αἳ
912 1406 954 1491 τῇ
982 1406 1047 1467 τῶν
1070 1401 1284 1489 ἀνθρωπήιον

137 1512 172 1568 1⁰
184 1508 368 1592 αἰσθήσεων
390 1510 425 1573 ἐκ
445 1510 573 1596 πραότης
593 1506 745 1594 γενέσεως
766 1504 924 1595 συνηθείᾳ
944 1504 1081 1571 ’κανόσιν
1112 1503 1285 1579 ἀθανάτοις

183 1609 342 1695 μαθήσεις
362 1607 560 1694 ήλικιοίτιδες
579 1612 735 1697 γίνονται,
761 1606 934 1673 κάντεῦθεν
956 1605 1140 1691 ἀμοιβαίοις
1162 1603 1284 1689 ἴχνεσιν

129 1720 135 1730 “
186 1711 401 1797 ἀναγομένους
428 1714 602 1797 βαθμίδων
627 1712 717 1797 δίκην
746 1717 818 1787 ταῖς
846 1708 928 1777 κἀτά
949 1708 1065 1797 μικρόν
1084 1706 1286 1799 ῦπαλλαγαῖς

182 1816 245 1877 τυῦν
268 1811 431 1898 ἀναλόγων
454 1813 660 1900 προσθέσειάν
690 1836 724 1878 τε
757 1814 814 1879 καί
835 1810 1040 1902 ἀφαιρέσεων
1072 1813 1285 1897 συμβιβάζειν
1317 1802 1321 1820 ’

181 1915 238 1977 καί
265 1915 314 2001 τῷ
338 1918 395 1999 τῆς
423 1916 596 2002 ἐπιστήμης
625 1915 704 2004 ἦλίιρ
737 1916 965 2003 καθαρώτερον
1001 1912 1064 2002 ήδη
1100 1915 1283 2001 προσάγειν,

136 2026 171 2080 15
177 2011 285 2100 χρεόν
318 2019 468 2100 διδακτής
501 2013 597 2102 οῦσης
624 2022 682 2102 τῆς
702 2017 879 2103 ἐπιστήμης
905 2015 1180 2107 προϋπάρχουσαν
1202 2009 1284 2081 εἶναι

181 2119 370 2202 λογίζεσθαι
390 2121 507 2203 γνοῦσιν
529 2116 585 2203 τήν
616 2122 680 2183 τοῖν
702 2119 886 2204 αἰσθήσεων
904 2114 1137 2185 ἀἀτοόίδακτον
1157 2115 1284 2203 πραότην
1375 2141 1380 2153 ’

180 2218 372 2301 κατάληψιν,
395 2216 453 2305 ἀφ’
476 2212 515 2304 ἧς
539 2217 582 2296 αῖς
605 2222 640 2284 ἐκ
658 2220 785 2307 πραότης
809 2218 912 2306 ἀρχῆς
941 2217 997 2283 καί
1026 2221 1128 2305 πηγῆς
1159 2214 1188 2281 οἱ
1218 2216 1282 2282 πά-

179 2343 239 2402 σης
259 2318 435 2403 ἐπιστήμης
452 2319 670 2405 ἀποβλάζουσι
692 2318 807 2407 <idam
825 2324 888 2385 τοῖν
907 2343 942 2387 τε
960 2326 1026 2395 τοῖς
1040 2321 1206 2405 αἰσθητοῖς
1227 2318 1283 2385 καῖ
1316 2350 1322 2362 ·

184 2421 363 2503 διονοητοῖς
388 2420 446 2485 καί
476 2428 601 2506 νοητοῖς
627 2422 873 2509 ἐνυπαρχόντων
902 2418 988 2507 όρων
1009 2419 1065 2485 καί
1091 2419 1203 2506 λόγων.
1243 2416 1314 2492 τός
1366 2446 1369 2457 ·

129 2517 241 2606 2ογἀρ
263 2521 395 2601 βλέπειν
416 2520 503 2607 ήμάς
524 2522 580 2588 καί
601 2522 735 2609 ἀκοόειν,
755 2524 813 2597 καί
831 2524 888 2590 νῦν
908 2524 969 2608 μὲν
990 2522 1132 2610 γλυκίων
1150 2520 1207 2590 καί
1225 2544 1280 2585 πι-
1340 2534 1343 2541 “

179 2627 265 2708 κρῶν
293 2625 512 2690 αἰσθάνεσθαι
539 2623 593 2689 διά
619 2627 676 2710 τῆς
696 2625 836 2713 γεόσεως
869 2628 925 2691 νῦν
947 2626 983 2691 δὲ
1003 2624 1150 2712 τραχέων
1169 2645 1205 2690 τε
1224 2621 1281 2688 καί

178 2723 274 2788 λείων
295 2722 350 2788 ded
374 2728 432 2810 τῆς
452 2723 555 2813 ἀρῆς,
580 2726 636 2791 καί
661 2721 713 2793 ότι
738 2715 861 2816 θερμόν
886 2727 943 2793 καί
967 2723 1139 2792 καυστικόν
1156 2721 1192 2791 τό
1214 2724 1279 2809 πῦρ

176 2823 232 2889 καί
251 2824 384 2913 ψυχρόν
405 2824 545 2912 ήχιάν,
578 2828 687 2896 κοιναί
703 2829 784 2895 εἰσιν
809 2827 930 2896 ἔννοιαι
950 2829 1053 2894 πάντα
1074 2828 1131 2894 καί
1151 2823 1280 2892 αάτοδί·

178 3164 292 3217 eamque
319 3147 485 3202 invisibilem
511 3166 571 3204 esse
594 3165 650 3204 non
679 3151 766 3205 solnm
785 3149 937 3204 bominibus
961 3151 1009 3204 sed
1034 3151 1113 3204 etiam
1139 3151 1205 3220 ipsis
1228 3167 1279 3206 an.

177 3217 259 3290 gelis.
286 3221 345 3288 quis
364 3221 447 3289 igitur
459 3229 512 3274 tam
523 3223 681 3275 temerarius
701 3231 743 3275 est
759 3230 886 3290 tantaque
905 3223 1019 3274 amentia
1030 3229 1132 3291 captus,
1150 3231 1180 3275 ut
1200 3239 1280 3292 quum

76 3278 84 3298 ‘
178 3299 317 3343 creaturae
337 3291 492 3345 invisibiles
511 3294 575 3359 siut,
594 3295 654 3346 dico
672 3293 795 3366 angelos,
816 3295 935 3359 animas,
955 3295 1109 3360 daemones,
1128 3293 1279 3348 hominibus

177 3363 268 3415 dicere
288 3363 385 3416 audeat
405 3363 541 3417 visibilem
562 3381 622 3418 esse
650 3374 770 3419 naturam
788 3366 833 3418 dei
853 3366 898 3436 qui
918 3373 1014 3418 cuncta
1031 3366 1194 3434 procrearit.
1226 3381 1278 3418 ne.

178 3450 230 3504 que
250 3433 336 3486 solum
361 3436 389 3486 in
409 3436 593 3489 misericordia
617 3446 709 3490 nostra
732 3445 759 3490 et
781 3437 872 3490 multis
889 3436 1008 3490 lacrimis
1032 3445 1094 3490 suut
1121 3437 1167 3506 qui
1191 3437 1278 3504 patrio

178 3505 301 3572 dogmate
321 3505 455 3560 eeclesiae
466 3508 542 3561 laeso
555 3509 731 3578 apostolicum
751 3509 890 3562 anathema
901 3509 1068 3577 sibimetipsi
1088 3507 1280 3572 contraxerim,

178 3575 226 3630 sed
245 3583 319 3644 patet
343 3578 422 3629 etiam
442 3579 525 3631 multa
552 3596 598 3633 eos
624 3582 652 3632 in
670 3582 822 3633 temeritate
845 3589 871 3634 et
896 3583 1010 3634 amentia
1030 3581 1152 3645 versari,
1178 3581 1278 3650 quippe

179 3648 225 3716 qni
245 3662 350 3699 omnem
369 3649 458 3702 dicant
477 3652 623 3705 doctrinam
643 3660 671 3705 et
688 3667 791 3706 omnem
812 3653 993 3722 cognitionem
1004 3651 1063 3706 deri
1079 3668 1113 3704 ex
1130 3659 1222 3706 nostra
1230 3666 1277 3702 ra..

177 3719 263 3770 tione.
300 3734 360 3771 nam
381 3721 408 3772 in
428 3721 581 3776 huiusmodi
600 3723 680 3776 rebus
709 3723 743 3774 iis
766 3724 893 3776 utendum
919 3731 961 3778 est
978 3724 1138 3777 testimoniis
1156 3723 1190 3776 ad
1209 3737 1277 3775 con.

177 3789 296 3855 spicuam
322 3797 349 3841 et
367 3791 516 3857 planiorem
534 3795 697 3848 infinitorum
715 3795 931 3860 revelationem,
958 3811 1026 3865 quae
1046 3811 1079 3848 ex
1103 3794 1277 3850 bumanorum

176 3874 302 3912 sensuum
331 3861 393 3914 inde
417 3879 433 3915 a
460 3865 551 3932 primis
576 3867 728 3932 apueritia
747 3865 863 3936 motibus
885 3867 1078 3920 consuetudine
1107 3868 1276 3936 cognitiones
1313 3913 1322 3936 ,

178 3929 293 3982 evadant
317 3933 511 3988 immortalibus
534 3936 638 4006 regulis
665 3937 804 4005 aequales.
853 3939 949 3992 deinde
978 3937 1202 4008 progrediendum
1235 3945 1282 3996 est.

134 4011 139 4016 ’
176 4000 282 4053 alterno
302 4006 421 4073 vestigio
439 4007 568 4074 gradatim
587 4016 614 4059 et
632 4009 660 4060 in
678 4008 801 4078 analogis
819 4011 947 4062 addendis
960 4018 987 4062 et
1005 4009 1141 4064 demendis
1161 4009 1275 4064 conclu.

176 4072 289 4126 dandum
311 4090 346 4126 ex
365 4077 469 4145 exiguis
494 4094 563 4147 quae
580 4080 747 4132 intercedant
767 4081 945 4152 differentiis,
976 4089 1003 4134 et
1021 4089 1051 4134 ut
1076 4083 1207 4136 scientiae
1232 4079 1274 4136 sol

176 4145 276 4197 clarior
294 4145 349 4210 liat,
369 4150 493 4215 quoniam
508 4151 723 4203 scientiadoceri
736 4160 841 4220 potest,
862 4153 1044 4208 demonstrare
1064 4169 1130 4224 opus
1149 4163 1190 4208 est
1207 4155 1273 4208 sub.

177 4231 238 4268 esse
267 4218 421 4284 rationem,
445 4235 571 4274 sensuum
595 4223 731 4290 propriam
759 4239 791 4276 ac
806 4224 979 4292 primitivam
1003 4227 1214 4294 perceptionem.
1258 4241 1273 4277 e

176 4303 230 4357 qua
248 4293 373 4358 tuuqasn
391 4305 406 4342 e
423 4291 509 4360 prima
530 4294 638 4364 origiue
662 4307 695 4346 ac
712 4294 787 4348 ioutc
806 4295 938 4349 scientiae
955 4299 1040 4350 omnis
1068 4297 1213 4366 prosiliunt
1232 4296 1273 4348 ri.

173 4358 234 4418 nli
253 4367 283 4414 et
297 4361 337 4416 iis'
351 4377 422 4438 quac
432 4365 643 4440 percipiuntur,
662 4369 834 4441 cogitantur,
851 4377 1068 4444 cognoscuntur,
1085 4370 1198 4426 subsunt
1210 4365 1276 4442 prid

538 4461 546 4495 l
