3184 5100
337 354 415 435 seo
639 337 1128 439 armoricanum
1167 326 1173 339 ’

337 532 460 615 καίρων
489 533 667 614 θαυμάτων
706 531 820 623 ἀνιστηῖ
843 528 900 617 τὴν
919 529 1038 621 ἱηυυχὴν
1066 532 1211 614 ἐμμελῶς
1241 533 1299 597 καί
1322 532 1373 609 εἰς
1396 530 1453 617 τὴν

336 625 419 715 ῦπέρ
454 626 607 716 αἴσθησιν
638 630 804 718 ἀπευθύνῃ
838 632 950 717 νοητήν
980 655 1013 697 τε
1045 632 1101 697 καί
1124 632 1291 717 μακαρίαν
1323 634 1454 718 ἐκείνην

269 736 326 793 D}
339 730 434 814 ζωήν.
463 732 511 795 ’ἐκ
528 730 590 819 γάρ
612 732 770 818 μεγέθους
796 733 853 797 καί
876 736 1031 817 καλλονῆς
1051 736 1113 797 τῶν
1141 734 1174 809 ἐξ
1196 732 1299 817 ἀρχῆς
1325 734 1362 797 ἐν
1385 742 1453 809 τοῖς

337 832 491 915 κτίσμασι
513 834 714 920 φαινομένων
737 831 789 898 ἀεί
812 833 988 917 θαυμάτων
1020 832 1182 919 ἀναλόγως
1203 830 1221 897 6
1244 832 1453 920 δημιουργὰς

337 928 468 1017 ῦρῦται·
527 932 709 1019 ἀνεννόητον
737 934 817 1018 γάρ,
846 930 864 998 6
894 932 982 1008 θεῖός
1017 956 1098 1018 φησι
1118 932 1305 1011 Διονῦσιος,
1341 934 1472 1020 πάντηο

335 1032 416 1098 κατά
434 1033 491 1118 τὴν
514 1034 628 1100 οάσίαν
643 1035 699 1099 καί
721 1034 941 1119 ἀκατάληπτον
960 1030 995 1097 τά
1020 1037 1130 1111 θεῖον,
1153 1032 1220 1097 ἀλλ’
1244 1034 1279 1097 ἐκ
1300 1038 1373 1099 τῶν
1399 1037 1451 1098 αἰ-

206 1132 448 1201 ima-emron
482 1134 652 1221 ῦμνητέον,
682 1133 732 1201 διὰ
765 1136 821 1201 καί
849 1133 884 1201 ro*
904 1138 994 1199 θεῖον
1020 1131 1098 1217 ἡμῖν
1126 1134 1292 1217 βάπτισμα
1318 1138 1451 1212 διπλοῖς

223 1319 229 1330 Ι
286 1248 294 1269 ⁸
334 1230 408 1303 οῦσι
429 1240 562 1302 διπλοῦν
594 1237 776 1323 ἐχαρίσθη,
799 1240 840 1301 δι’
864 1233 980 1311 ῦδατος
999 1232 1082 1318 ῦμοῦ
1103 1234 1159 1303 καί
1178 1234 1372 1317 πνεύματος,
1398 1238 1450 1300 ἵνα

331 1343 380 1428 τῷ
398 1337 510 1417 ῦδάτι,
543 1337 617 1415 τοῦς
638 1336 811 1425 σαρκικοῦς
831 1336 923 1422 ἡμῶν
947 1336 998 1403 ἀεί
1018 1335 1139 1423 ῥύπους
1168 1337 1346 1423 καθαίρειν
1370 1339 1448 1401 εἰω-

330 1442 414 1520 θότι,
437 1440 690 1528 προσγενομένου
720 1439 776 1505 καί
801 1441 858 1505 τοῦ
888 1439 980 1505 θείου
1011 1436 1187 1521 πνεῦματος
1219 1438 1373 1523 ἀοράτως
1392 1439 1448 1503 καί
1456 1432 1480 1509 ii

333 1543 474 1630 ἀφανῶς,
498 1540 567 1625 ἅμα
587 1544 635 1629 τῷ
654 1539 780 1623 σῶματι
800 1540 1060 1627 συγκαθαίρηται
1083 1539 1139 1603 καί
1159 1536 1180 1622 ἦ
1200 1536 1294 1629 ψυχὴ
1318 1543 1447 1624 νοερῶς

328 1666 364 1708 τε
384 1644 440 1707 καί
464 1642 605 1729 ἀφανῶς.
627 1639 677 1706 ῦτι
693 1642 729 1706 δὲ
750 1641 1029 1725 συμπαραγίνεται
1050 1640 1096 1725 τῷ
1115 1636 1211 1703 ῦδατι
1232 1636 1444 1725 ἀγιιιζομένιρ

330 1744 386 1810 καί
404 1742 440 1809 τά
461 1744 587 1825 πνεῦμα
602 1737 641 1834 τά
667 1740 756 1827 ἀγιον
778 1739 834 1807 διά
855 1743 911 1825 τῆς
931 1742 994 1805 τῶν
1024 1738 1128 1820 εὐχῶν
1149 1739 1360 1823 ἐπικλήσεως,
1385 1742 1446 1824 δῆ-
1500 1782 1501 1805 ;

328 1850 385 1909 λον
409 1841 427 1909 6
450 1849 538 1919 θεῖος
568 1841 647 1928 ἡμῖν
682 1849 821 1907 ποιεῖται
843 1840 1095 1927 Χρυσίστομος,
1127 1837 1215 1905 “rire
1235 1837 1313 1923 μέν”
1338 1840 1446 1925 λέγων
1500 1846 1501 1883 ³

220 1963 225 1977 ‘
327 1942 412 2008 “ini
425 1946 572 2029 Χριστοῦ
594 1942 649 2007 διά
669 1946 762 2007 τοῦτο
777 1942 880 2029 ἐφάνη
902 1938 923 2024 ἦ
945 1942 1128 2026 περιστερά,
1148 1926 1202 2005 ἵνα
1223 1937 1342 2025 ῶσπερ
1360 1942 1444 2004 δακ-
1454 1958 1479 2011 15

327 2044 408 2131 τῦλιρ
430 2044 493 2109 τινί
516 2044 604 2130 δείξῃ
634 2051 701 2121 τοῖς
739 2044 881 2129 παροῦσι
910 2041 966 2106 καί
992 2043 1039 2127 τῷ
1058 2039 1187 2127 Ἰωάννη
1210 2038 1264 2105 τάν
1286 2038 1362 2105 υἱὸν
1386 2042 1445 2105 τοῦ
1500 2034 1501 2039 ’

297 2213 299 2217 ,
328 2148 422 2211 θεοῦ·
472 2144 509 2209 οῦ
527 2145 625 2228 μόνον
657 2145 702 2223 δέ,
726 2143 793 2209 ἀλλ’
816 2144 869 2207 ἵνα
903 2141 959 2207 καί
980 2139 1019 2207 σύ
1042 2142 1153 2229 μάθῃς
1175 2138 1223 2207 ὅτι
1242 2141 1299 2205 καί
1322 2141 1381 2205 ἐπί
1406 2142 1443 2205 σὲ

261 2247 560 2331 Νβαπτιζάμενον
580 2245 617 2311 τά
637 2248 764 2329 πνεῦμα
794 2243 935 2330 ἔρχεται.
987 2246 1043 2309 νῦν
1068 2246 1098 2308 δ’
1119 2240 1196 2327 ἡμῖν
1218 2242 1381 2327 αἰσθητῆς
1405 2242 1442 2305 οῦ
1500 2236 1501 2239 “

235 2376 243 2387 ·
325 2348 425 2433 χρεία
446 2343 563 2429 ὄψεως,
581 2350 637 2432 τῆς
660 2350 798 2424 πίστεως
832 2346 902 2412 ἀντὶ
922 2348 1049 2413 πάντων
1083 2346 1259 2434 ἀρκούσης·
1310 2344 1354 2411 τά
1374 2344 1440 2430 γάρ
1500 2424 1501 2429 ¹

329 2454 447 2532 σημεῖα
469 2451 507 2512 οῦ
528 2456 594 2525 τοῖς
605 2449 810 2514 πιστεῦουσιν
826 2447 909 2513 ἀλλά
929 2454 995 2525 τοϊς
1018 2446 1192 2523 ἀπίστοις.”
1234 2444 1357 2532 ῦρατὴν
1382 2440 1475 2523 οῦνγο
1500 2436 1501 2526 λ

327 2549 523 2636 θεοφάνειαν
543 2548 581 2614 οῦ
599 2551 680 2633 μιάν
700 2549 816 2633 ἐχομεν
836 2551 893 2616 καί
911 2551 1010 2634 μόνην
1028 2549 1084 2635 τὴν
1103 2548 1358 2636 μεταμάρφωσιν
1384 2546 1437 2612 λέ-

324 2672 402 2734 γειν,
425 2649 493 2714 οὐδ’
517 2649 652 2738 ἀριθμῷ
672 2653 935 2736 συγκλειομένας·
971 2651 1039 2716 ἀλλ’
1062 2653 1096 2716 ἐν
1118 2649 1207 2727 ὅσοις
1231 2647 1249 2714 6
1273 2648 1351 2725 θεὸς
1376 2651 1436 2732 ἐμ-
1499 2653 1500 2658 ’

327 2750 496 2834 φανίζεται
516 2753 572 2816 δια
600 2752 774 2836 συμβόλων
801 2751 952 2836 θαύμασι
982 2752 1153 2839 μεγίστοις,
1175 2750 1282 2827 πάσας
1302 2753 1435 2836 θεοφο-

324 3067 389 3121 bani
409 3069 545 3136 δοίωλεα,
566 3087 637 3141 qnae
652 3086 708 3126 non
725 3073 881 3142 apparebas,
908 3073 1056 3127 denudaret
1073 3079 1154 3141 atquo
1172 3071 1336 3124 ostenderet.
1375 3072 1435 3124 isa.

325 3155 378 3209 qua
396 3141 431 3194 sb
449 3141 585 3196 miraculis
605 3160 675 3213 qaae
694 3148 787 3198 sensui
808 3154 938 3213 apparens
955 3154 1076 3214 tempore
1097 3145 1213 3196 animum
1232 3143 1320 3212 erigas
1340 3150 1368 3194 ει
1388 3145 1435 3196 di.

324 3213 398 3281 rigas
426 3214 459 3265 aii
482 3214 624 3267 mentalem
655 3215 730 3269 illam
758 3232 789 3268 ac
818 3217 922 3270 bessam
946 3218 1033 3269 ¹niiarn
1051 3231 1120 3285 qnae
1141 3229 1223 3281 supra
1248 3223 1432 3266 renouarent.

326 3285 474 3336 etenimex
492 3287 675 3355 magnitudine
701 3296 729 3339 ct
754 3287 955 3355 pulchritudino
978 3287 1186 3349 miraculorum,
1208 3301 1276 3354 quae
1295 3285 1329 3336 ab
1349 3286 1432 3336 initio

323 3355 352 3406 in
372 3357 504 3408 creaioris
521 3373 628 3424 semper
645 3368 785 3426 apparens,
805 3360 837 3411 ad
855 3359 1058 3412 similitudinem
1083 3357 1212 3426 quandam
1231 3365 1339 3408 creator
1358 3371 1433 3408 eon.

323 3425 446 3493 spioiiar.
483 3443 538 3479 nce
554 3431 635 3493 eninr,
659 3437 689 3482 at
707 3430 734 3482 S.
755 3430 805 3482 iiic
824 3431 969 3498 Dionysias
988 3431 1041 3494 ais,
1061 3431 1170 3482 omnino
1189 3429 1319 3497 cognosci
1339 3435 1434 3494 potest

323 3497 395 3564 qnod
413 3498 447 3550 sd
466 3500 609 3551 essentiam
640 3503 760 3568 partinet
776 3517 829 3553 nec
847 3503 952 3569 percipi
970 3503 1048 3566 deus,
1074 3501 1120 3553 sed
1140 3501 1173 3552 ob
1193 3500 1263 3552 facia
1281 3515 1330 3552 sua
1349 3497 1432 3549 cele.

322 3567 439 3622 brandus
452 3578 509 3654 Uest,
529 3581 694 3656 quapropter
708 3573 853 3641 baptismos
871 3573 949 3625 nobis
971 3575 999 3624 in
1018 3571 1279 3656 duplicemugratiam
1290 3577 1358 3633 erae,
1381 3584 1434 3636 per

322 3654 418 3762 :iiii
436 3641 525 3779 :iiii
542 3642 1433 3782 ‘iiiiiini‘rii:sisinii‘iiiiiiiiiii0‘ii

323 3796 383 3832 corn
401 3799 516 3851 corpore
539 3785 645 3838 alaaior
665 3788 761 3838 anima.
800 3787 833 3838 ad
852 3803 953 3839 sacram
972 3801 1067 3854 aquam
1086 3795 1174 3838 sutem
1194 3785 1324 3836 accedere
1343 3784 1432 3850 spiri.

322 3859 378 3903 snnr
396 3863 516 3908 sancium
536 3873 584 3925 per
602 3871 712 3925 precum
730 3859 904 3910 cerimoniarn
923 3859 1039 3910 ostendis
1056 3857 1135 3910 nobis
1154 3857 1181 3910 S.
1203 3856 1431 3922 chrysostomus:

322 3930 377 3974 tam
397 3941 478 3994 snper
497 3928 631 3982 christum
650 3928 773 3982 colomba
793 3931 931 3998 apparuit,
959 3931 996 3982 iia
1017 3937 1046 3981 ut
1065 3930 1141 3998 qnasi
1166 3928 1251 3995 digito
1271 3926 1432 3979 ostenderet

321 3995 356 4046 iis
375 4000 421 4064 qni
439 3999 551 4052 aderant
569 4009 597 4051 es
616 3999 711 4053 loanni
730 4001 814 4053 illium
834 4002 879 4054 dei
897 4004 986 4069 neque
1007 4000 1060 4054 hoc
1078 4000 1165 4052 solnm
1186 4014 1279 4052 vorum
1298 3998 1382 4048 etiarn
1403 4005 1432 4049 ni

238 4074 241 4078 ’
320 4066 408 4121 discas
427 4085 507 4136 sopra
526 4078 554 4122 λε
573 4085 681 4139 quoqne
700 4074 747 4141 qai
761 4073 911 4140 baptisatus
931 4081 972 4124 est
986 4073 1108 4139 spiritum
1128 4087 1197 4136 esse.
1234 4068 1355 4122 sensuali
1376 4084 1431 4120 no.

319 4137 362 4191 bis
387 4143 494 4194 visione
517 4155 585 4210 opns
609 4157 663 4193 aon
684 4151 744 4209 esi,
773 4161 853 4213 quom
876 4157 925 4211 pro
943 4144 1065 4196 omnibns
1085 4142 1240 4196 satisfaciat.
1270 4156 1331 4192 nam
1350 4141 1431 4208 signs

318 4225 374 4263 non
393 4212 529 4277 fldclibns,
547 4216 595 4267 scd
607 4215 776 4267 inflioiibns.
798 4216 933 4268 risibilem
951 4217 1042 4283 ‘igitur
1059 4214 1248 4282 theophaniam
1275 4226 1329 4262 non
1349 4227 1432 4264 unam

317 4285 445 4340 habemns
463 4299 493 4344 es
508 4290 594 4344 solans
626 4287 888 4357 transfigurationem
905 4303 958 4342 nec
974 4301 1086 4340 numero
1108 4299 1228 4357 pancas,
1248 4285 1296 4338 sod
1314 4283 1344 4338 in
1363 4285 1432 4354 qui.
