3184 5100
163 422 167 429 ·
247 412 470 483 nrsroureu
497 414 922 491 ermurrutuxxxru.
940 400 1131 487 λο-λλ.
1204 396 1296 523 5⁴¹.

179 574 368 663 ἀπορρήτων
391 576 517 664 ὄργι’ων.
570 576 664 643 ἔπειτ’
688 580 810 642 ἐκεῖθεν
842 577 899 643 ιἰδν
920 580 954 644 ἐν
974 583 1022 665 τῷ
1041 578 1129 666 κήπιρ
1152 580 1279 666 ἐνουρεῑ

176 677 357 761 καθήμενος
377 683 418 765 τῇ
438 682 501 743 τάν
522 683 669 766 πρασιῶν
694 678 775 767 χλόη
811 681 867 745 καί
889 681 961 769 πόᾳ,
985 678 1106 764 όπόσην
1126 682 1182 745 καὶ
1205 681 1275 745 οἵαν

177 776 232 841 διά
252 776 287 845 τό
311 777 436 846 οἴκοθεν
458 776 594 864 εόοσμον
608 789 677 857 ταῖς
693 779 830 867 χότραις
851 781 1067 865 ἐμβάλλουσιν
1089 780 1118 845 οἱ
1138 780 1196 858 τάς
1213 786 1276 847 τῶν

176 878 360 962 ἐδεσμάτων
392 874 609 965 ἓτοιμάζοντες
630 884 671 969 τῇ
693 884 750 948 τοῦ
772 882 975 967 πατριάρχου
1004 883 1147 968 τραπὲζη
1170 906 1274 945 ποικι-

148 979 256 1055 5λιάς.
299 979 354 1079 κατ’
375 978 475 1063 ἡμῶν,
500 984 591 1068 φασί,
614 986 671 1067 τῆν
695 982 801 1049 αἰτίαν
820 982 878 1047 τοό
895 981 1094 1066 τολμήματος
1114 984 1343 1069 ἐρομένωνυ

128 1072 135 1083 ’
175 1080 231 1144 καί
253 1078 339 1159 άπαξ
360 1083 418 1147 καί
441 1084 498 1159 δι’ς,
522 1082 613 1147 οὐδὲν
636 1086 754 1160 ἐκεῖνος
775 1083 838 1169 ἔφη
860 1080 969 1148 καινόν
992 1077 1074 1147 εἶναι
1093 1084 1195 1148 τουτί·
1219 1083 1274 1147 καί

177 1180 238 1266 γάρ
262 1182 317 1246 καί
338 1182 428 1259 κάνες
446 1186 632 1267 ἐνουροῦσιν
650 1184 761 1259 αόταῖς
783 1187 839 1249 καί
851 1189 957 1269 γαλαῖ,
979 1184 1035 1249 καί
1050 1186 1167 1269 κόπρια
1179 1185 1272 1269 ἐπιρ-

178 1286 325 1368 ραάνουσι
349 1284 438 1364 ζώων
463 1284 585 1370 άλόγων
605 1310 640 1351 τε
660 1286 715 1350 καί
738 1285 927 1371 ἀνθρώπων,
951 1287 980 1350 εἰ
997 1286 1089 1366 τόχοι
1110 1309 1187 1349 που·
1217 1286 1273 1351 καί

172 1381 208 1447 τό
230 1386 352 1447 κωλῦον
381 1383 481 1449 οὐδέν.
531 1385 704 1451 καὶταῦτα
736 1387 796 1469 μὲν
828 1385 974 1469 ἐρόμενοι
1000 1383 1207 1469 ἠκηκόεισαν,
1230 1383 1273 1461 τός

129 1493 164 1547 10
173 1484 288 1549 ἐκεῖνοι
311 1485 429 1570 φασιν·
456 1483 497 1547 ,ἃ
520 1486 555 1550 δὲ
578 1486 695 1563 ἰδόντες
715 1489 790 1572 σιγῇ
810 1486 870 1568 μὲν
892 1487 940 1549 ἐνί
963 1485 1084 1549 ἐκείνου
1108 1488 1272 1574 παραδόν-

172 1607 222 1659 τες
246 1582 360 1668 ἥκιστα
392 1582 520 1675 ἤροντο,
541 1586 746 1669 πεπεισμένοι
775 1587 854 1651 λιάν·
880 1584 993 1649 άνόσιά
1012 1609 1046 1649 τε
1075 1587 1130 1649 καί
1150 1587 1272 1671 βέβηλα

172 1678 332 1768 εἶναικαὶ
355 1681 502 1771 άντιιιρυς
520 1688 705 1769 διαβολικῆς
727 1685 805 1771 ἔργα
822 1688 1041 1762 διδασκαλίας,
1062 1693 1129 1761 τοῖς
1149 1690 1178 1750 δ’
1201 1689 1270 1749 ἐπι-

172 1786 303 1863 σκόποις
335 1787 496 1870 ἐμήνυσάν
516 1812 550 1851 τε
581 1788 637 1853 καί
667 1786 923 1864 διεκωδιόνωαν,
953 1789 1040 1851 ταῦτ’
1070 1782 1194 1872 άρρητα
1211 1788 1270 1869 μὲν

173 1882 301 1969 ἄμεινον
335 1892 479 1951 κεῖσθαι·
531 1886 622 1953 ἴσασι
652 1885 715 1972 γάρ
748 1885 775 1951 οὶ
806 1885 862 1962 τάς
896 1889 1119 1973 τομογραφόας
1147 1888 1288 1963 ἐκείνας·

126 1988 160 2041 15
173 1986 379 2071 ἀνεγνωκότες
399 1988 454 2053 καί
478 1988 719 2075 ἀποφηνάμενοι
748 1989 975 2052 Μασαλιανιόν
997 1980 1077 2051 εἶναι
1100 1984 1140 2050 τά
1162 1986 1269 2053 τοιάδε

168 2088 232 2151 τῶν
263 2092 421 2173 μυσαριόν
442 2089 710 2173 ἐπιτηδευμάτων.
766 2087 958 2171 μεμνήμεθα
981 2084 1042 2173 γάρ
1076 2084 1119 2163 ὥς
1139 2087 1195 2153 καί
1216 2086 1336 2161 inlu

167 2185 316 2251 Ἰωάννου
337 2190 394 2251 τοό
415 2188 618 2273 πατριάρχου
638 2186 700 2271 πρό
721 2189 800 2251 ἐτῶν
813 2184 904 2271 ἐγγὺς
928 2187 1150 2252 πεντεκαίδεκα
1171 2186 1267 2270 τόμος
1276 2207 1295 2260 τ,
1307 2207 1360 2264 207
1372 2225 1396 2264 a,

169 2285 245 2371 ἡμῖν
267 2290 299 2365 ἐξ
320 2283 417 2373 όρους
430 2292 486 2353 τοῦ
502 2288 598 2356 ”Aen
618 2288 814 2371 κεκόμισται,
835 2295 904 2365 ταῖς
919 2287 1045 2351 πάντων
1066 2286 1182 2368 σχεδόν
1202 2291 1265 2353 τοῖν

168 2390 237 2452 ἐκεῖ
253 2388 397 2472 λογάδων
424 2388 663 2475 σεσημασμένας
685 2386 907 2475 όπογραιραῐς,
928 2389 983 2453 καί
1005 2388 1068 2472 πρό
1086 2412 1121 2473 γε
1140 2391 1266 2454 πάντων

121 2490 223 2556 20καί
242 2486 323 2572 μετά
346 2489 471 2555 πάντων
488 2492 544 2556 τοῦ
564 2494 734 2576 τηνικαῦτα
766 2488 801 2559 τό
824 2499 980 2576 πρωτεῖον
1000 2488 1127 2571 ἔχοντος
1145 2489 1264 2570 Ἰσαάκ,

166 2590 221 2655 καί
244 2589 309 2673 άμα
343 2594 399 2656 τοῦ
430 2592 707 2680 άρχιερατεόοντος
740 2592 797 2656 καὶ
827 2594 1078 2668 ἐπισκοποῦντας.
1095 2593 1165 2656 ἐκεῖ
1182 2590 1264 2674 μετά
1343 2593 1353 2602 ’

164 2695 220 2776 τῆς
248 2695 304 2756 τοῦ
333 2679 510 2776 πνεύματος
540 2695 673 2780 χάριτος
704 2697 796 2760 θείου
829 2692 958 2779 άνδρός,
991 2695 1096 2777 δηλῶν
1124 2693 1165 2777 ιη’
1187 2695 1264 2754 καθ’

165 2790 251 2876 ἡμᾶς
273 2791 346 2884 ἱερᾷ
367 2792 489 2882 συνόδῳ
522 2795 641 2872 πάντας
662 2796 801 2871 ἐκείνους
830 2793 984 2877 ὀνομαστὶ
1012 2794 1068 2858 καί
1088 2795 1165 2856 καθ’
1187 2792 1262 2858 ἐκοι-

166 3111 208 3156 tnr
235 3111 294 3167 ert,
322 3110 349 3154 et
367 3103 554 3170 mysteriorum
582 3104 709 3172 magister
735 3110 762 3154 et
780 3101 901 3154 initiator
928 3116 1087 3156 arcanorum
1116 3100 1261 3170 crginrunr.

166 3183 227 3243 part
259 3173 326 3225 baec
349 3182 436 3226 antem
464 3175 485 3224 it
505 3175 535 3225 ad
563 3173 652 3226 locum
677 3175 770 3228 urinae
800 3181 827 3224 et
846 3173 923 3225 redet
945 3174 973 3224 in
999 3171 1089 3224 berbin
1117 3173 1210 3224 viridis
1236 3179 1263 3224 et

165 3245 340 3316 graminibus,
360 3244 449 3312 qualia
469 3247 539 3296 dumi
557 3254 666 3312 propter
684 3245 782 3296 bonnm
805 3245 913 3296 oderem
932 3243 996 3296 elliu
1012 3245 1137 3296 inliciunt
1154 3244 1200 3311 qni
1219 3244 1262 3294 ci.

165 3320 214 3370 bos
231 3319 320 3370 varior
340 3324 433 3384 parant
451 3333 559 3368 mensae
577 3317 753 3383 patriarchae.
790 3316 868 3368 nobie
886 3324 984 3380 autem,
1002 3316 1135 3384 inquiunt,
1156 3331 1261 3368 causam

166 3391 243 3442 buius
263 3390 322 3440 miri
341 3390 381 3440 rei
400 3387 554 3456 rogantibus
575 3389 652 3440 ctiam
672 3397 752 3456 atque
772 3390 861 3453 ctiam,
880 3402 945 3451 uon,
962 3387 1100 3454 respondit
1119 3385 1178 3450 ille,
1200 3401 1261 3437 eree

165 3463 191 3512 id
212 3469 263 3510 tam
282 3461 436 3512 mirandum.
474 3475 533 3512 nam
554 3468 580 3512 ct
599 3476 678 3518 canes
704 3461 885 3526 commingere
906 3474 952 3510 eae
978 3466 1006 3509 et
1024 3458 1092 3510 ielee
1112 3466 1139 3508 et
1157 3466 1260 3509 rtercue

164 3533 202 3582 ibi
222 3531 311 3582 iacere
328 3531 426 3584 bestiae
445 3539 472 3583 et
489 3533 561 3598 ipson
582 3531 703 3582 homines
722 3532 745 3582 ri
764 3531 869 3599 quande
887 3530 1044 3582 necereitar.
1070 3545 1158 3598 neque
1180 3529 1261 3597 qnid..

165 3617 241 3672 qnam
264 3617 310 3654 eae
328 3602 467 3669 impedire.
512 3603 578 3653 baec
607 3604 689 3671 igitur
714 3603 746 3654 ed
775 3610 897 3670 rogatum
921 3609 1083 3667 acceperant
1105 3607 1135 3652 ut
1159 3599 1259 3652 dicuat.

164 3673 211 3726 red
231 3673 283 3724 alia
302 3689 371 3740 quae
397 3674 638 3733 animadverterant
660 3675 733 3728 taciti
762 3683 788 3726 et
813 3673 846 3723 de
865 3671 959 3740 quibue
988 3687 1047 3722 eum
1066 3686 1120 3723 nou
1140 3685 1259 3739 rogere.

163 3753 232 3808 rent,
254 3759 332 3810 quum
352 3741 402 3794 sibi
422 3761 577 3810 persuasum
606 3745 736 3796 baberent
761 3746 841 3811 impia
868 3760 899 3796 ea
924 3759 983 3794 esre
1008 3750 1035 3793 et
1058 3743 1213 3795 detentandn
1232 3749 1259 3794 et

163 3815 313 3868 diabolicae
333 3816 470 3867 doctrinae
490 3831 581 3882 opera,
601 3833 723 3884 quaeque
752 3816 887 3884 episcopie
910 3813 1060 3865 retulerant
1078 3822 1104 3865 et
1123 3828 1258 3880 exposue-
1336 3811 1339 3817 '

162 3895 232 3949 rent,
252 3886 319 3936 baec
338 3885 434 3940 melius
454 3896 495 3938 cst
512 3889 540 3938 in
559 3891 671 3940 recretis
690 3891 789 3940 iecere.
832 3888 920 3939 eciunt
939 3886 1008 3936 enim
1028 3887 1072 3952 qui
1091 3887 1191 3952 scripta
1209 3883 1258 3936 illa

161 3957 287 4025 legerunt
306 3965 332 4008 et
350 3957 498 4010 deerrerunt
517 3959 595 4011 foede
616 3976 646 4011 ea
667 3976 726 4012 eree
741 3958 943 4014 linealianorum
963 3957 1090 4008 instituta.
1127 3958 1178 4009 iarn
1198 3973 1257 4009 rue.

161 4029 285 4079 minimus
304 4029 431 4094 ecriptum
451 4030 499 4080 rub
519 4031 669 4096 patriarcba
688 4031 788 4084 leanne
817 4029 967 4097 quindecim
988 4027 1046 4079 iere
1065 4028 1162 4080 abhinc
1180 4029 1256 4080 rnnie

160 4099 238 4151 nobie
257 4115 290 4150 ex
310 4100 381 4152 Atbn
406 4109 495 4151 monte
522 4103 629 4166 editum,
649 4104 692 4152 cui
721 4103 778 4154 iere
799 4101 914 4152 enruium
933 4100 970 4150 ibi
992 4100 1258 4166 degentium'mona..

161 4171 270 4222 eborum
298 4171 404 4222 numina
434 4172 583 4238 subscripta
608 4181 677 4236 eunt,
706 4182 732 4224 et
750 4175 820 4223 inter
839 4170 893 4222 elia
912 4171 1032 4237 inprimis
1056 4171 1140 4223 lenaei
1158 4183 1256 4222 nomen

160 4243 205 4312 qui
226 4257 258 4294 eo
279 4244 337 4309 ipro
360 4249 481 4310 tempore
501 4243 637 4310 plurimam
666 4245 703 4296 ibi
726 4245 881 4312 dignitatem
900 4242 1054 4306 obtinebat,
1080 4252 1107 4294 et
1138 4241 1256 4309 patriar.

159 4316 226 4383 τότε
246 4315 303 4367 einr
321 4311 375 4368 loci
402 4323 429 4368 et
455 4317 576 4386 episcopi
596 4316 641 4386 qui
659 4317 701 4369 vir
719 4323 776 4372 erat
802 4313 898 4386 plener
923 4314 1019 4384 spirite
1042 4312 1146 4368 divino.
1183 4309 1255 4384 quud
