3184 5100
232 410 453 479 morentur
475 408 733 481 autumnus
760 415 915 481 xxxvii.
938 394 1124 484 θεὲ-39.
1185 406 1258 485 nto

159 576 250 653 λάκις
272 573 329 639 καί
350 573 402 639 ἀεί
422 576 609 659 πλάττονται
622 577 677 642 καί
694 562 782 642 λάκοι
801 574 904 663 μάτην
922 579 1088 665 κεχηνότες
1117 580 1258 646 δείκνυνι

159 702 213 741 ται
234 674 316 741 κατά
334 676 391 761 ,τὴν
409 675 595 762 παροιμίαν.
639 673 739 752 οὕτως
761 676 927 742 ἀναίδειαν
948 682 1056 744 πᾶσαν
1074 680 1382 747 ἐνδέδυνταιίλοθσ

159 770 215 843 κάἰ
238 774 319 864 η’θος
333 776 447 861 ἰταμὸν
466 778 521 842 καί
543 776 670 864 οὐδαμῇ
691 779 765 843 ποτὲ
778 776 1030 876 ὕπισχνοάμενον
1042 782 1099 867 τήν
1116 782 1258 868 διόρθω-
1270 794 1323 847 80

161 904 223 944 σιν.
266 878 337 945 δέον
358 878 420 965 γάρ
444 876 556 953 αὐτοὺς
576 878 795 943 καταδύεσθαι
823 880 878 945 καί
906 882 1073 966 ἐρυθριᾶν,
1097 883 1131 947 οἳ
1149 885 1184 949 δὲ
1204 885 1261 949 καί

131 979 414 1060 5ἀναισχυντοῦσί
430 1004 482 1065 γε,
515 977 555 1044 τά
582 980 683 1062 μείζω
704 1002 738 1043 τε
770 982 826 1044 καί
850 981 1061 1066 χαλεπῶτερα
1089 982 1170 1049 κατὰ
1197 989 1261 1051 τῶν

161 1082 256 1163 ἐμῶν,
279 1078 322 1156 ῶς
344 1078 486 1166 εἴρηται,
509 1082 567 1145 νῦν
585 1104 619 1145 τε
641 1083 777 1167 δρῶντες
806 1083 861 1147 καί
882 1085 963 1167 δράν
987 1084 1038 1148 ἀεί
1061 1085 1261 1165 ἀπειλοῦντες

162 1180 217 1258 ἔτι,
237 1180 375 1266 μηδενὸς
396 1184 486 1246 ἕνεκα
506 1182 631 1257 πάντως
655 1174 764 1266 ἑτέρου
785 1186 849 1247 τῶν
867 1182 993 1250 πάντων
1018 1181 1132 1267 ἢτοδς
1155 1189 1260 1252 ἐντεῦ-
1352 1194 1354 1197 ’

161 1286 219 1346 θεν
241 1282 392 1367 ἐλέγχους
426 1282 478 1347 ἀεί
501 1282 648 1359 δεδιότες.
700 1280 744 1359 ῶς
774 1282 1012 1368 ἀναγκάζεσθαι
1033 1286 1116 1368 κάμὲ
1137 1313 1259 1371 παραι-
1343 1278 1350 1286 ’

161 1391 234 1462 νεῖν,
261 1375 308 1461 οἷς
327 1382 470 1467 μετιέναι
489 1382 605 1459 ταάτας
621 1382 730 1450 Γἔπεισι
756 1386 862 1471 φιλοις
882 1379 971 1451 odoro
991 1383 1083 1470 ἡμῶν
1103 1386 1184 1468 μετά
1204 1387 1261 1472 τὴν

111 1498 151 1554 10
161 1483 240 1571 ἐμὴν
259 1486 414 1569 τελευτήν,
439 1486 542 1569 ζητεῖν
561 1484 616 1548 καί
639 1485 855 1570 παρατιθέναι
881 1488 938 1561 τὰς
968 1485 1049 1562 τέως
1071 1486 1176 1563 αὐτοῖς
1200 1486 1260 1554 ἀνά
1310 1535 1313 1539 -

159 1592 276 1671 χεῖρας
299 1578 422 1669 ἑτέραις
444 1582 572 1669 ὁμοίαις
598 1586 654 1651 καί
675 1584 794 1668 ὁμοίως
823 1584 879 1672 ἀφ’
902 1584 1065 1671 ἡμετέρων
1086 1610 1259 1673 μετεγγρα-

163 1686 293 1773 φείσαις
316 1684 424 1771 ὀρθῶς
446 1690 620 1772 φοιτητῶν,
651 1686 706 1751 καί
733 1691 874 1773 συνορᾶν
899 1684 1018 1751 σῦτωσί
1037 1687 1183 1771 τάληθές.
1223 1713 1259 1752 το

160 1786 223 1873 γάρ
244 1789 386 1852 τοιοῦτον
419 1788 517 1875 ἔγωγε
550 1790 619 1866 δέος
643 1788 862 1872 προκαθιστάς
890 1789 946 1853 καί
964 1786 1135 1874 πόρρωθεν
1156 1812 1260 1872 προα-

162 1891 328 1971 νασοβῶν,
351 1890 607 1966 πολλαπλασίαις
638 1888 723 1955 αὐτά»
741 1890 910 1975 διαφόρων
930 1895 1169 1973 μετεγγραφαῖς
1189 1889 1259 1953 ἐδε-

114 2008 152 2061 15
164 1988 275 2053 δῶκειν
301 1992 422 2075 χειρῶν
453 1989 591 2077 γράφειν
623 1990 731 2075 ὀρθῶς
763 1988 967 2074 ἠσκημένων,
999 1986 1020 2051 ἀ
1051 1989 1110 2071 μὲν
1133 1990 1261 2066 οἰκείοις

163 2088 385 2173 ἀναλώμασιν,
418 2088 495 2155 citi
529 2092 634 2179 φιλοις
654 2091 879 2176 αἰτησαμένοις
912 2092 957 2166 εἰς
977 2090 1132 2166 πλοῦτον,
1157 2089 1260 2175 φάναι

161 2196 229 2255 κατ’
252 2190 374 2270 αὐτούς,
395 2191 535 2277 isodoro
556 2192 611 2257 καί
634 2188 762 2257 ἄσυλον.

257 2290 345 2359 Ἀλλ’
381 2294 414 2357 ἐν
444 2294 598 2370 τοιούτοις
631 2293 858 2380 ἀσχολουμένῳ
880 2318 914 2358 τε
944 2296 1001 2360 καί
1019 2296 1195 2379 μοχθοῦντι
1215 2297 1327 2381 apim

161 2395 311 2480 Παλαμᾷ
333 2391 368 2458 τὸ
389 2396 446 2458 τοῦ
476 2396 549 2477 βίου
573 2394 673 2481 πέρας
692 2396 784 2482 ἐπῄει
806 2397 895 2479 μάλα
927 2396 1039 2481 πικράν
1059 2421 1090 2461 τι
1119 2396 1174 2461 καί
1208 2394 1260 2460 αἴ-

110 2507 309 2576 2οσχιστον·
332 2498 378 2583 τῶ
401 2494 462 2582 γάρ
484 2496 618 2582 συνήθει
646 2496 817 2582 περιπετὴς
836 2495 970 2584 γεγονῶς
991 2499 1083 2584 ι’λεηλ,
1104 2500 1160 2582 τῆς
1181 2498 1261 2562 ἀνα-

159 2597 281 2680 τροπῆς
302 2593 424 2680 δηλαδὴ
445 2599 508 2660 τῶν
530 2597 563 2660 ἐν
583 2598 624 2683 τῇ
645 2598 749 2687 κοιλίη
773 2598 883 2663 σιτίων
903 2594 967 2662 ἀνω
988 2597 1042 2662 διά
1061 2599 1118 2662 τοῦ
1138 2598 1259 2680 στόμα-

159 2717 221 2771 τος,
242 2695 298 2760 καί
320 2696 400 2782 πρός
419 2719 455 2782 γε
484 2698 641 2780 μανιῶδει
671 2699 839 2786 φρενίτιδι,
861 2702 977 2781 βιαίως
1008 2697 1091 2764 οὕτω
1114 2699 1169 2761 καί
1189 2699 1262 2762 λίαν

161 2797 283 2882 πικρῶς
307 2795 471 2884 ἀπερράγη
502 2799 559 2862 τοῦ
581 2800 647 2884 ζῆν.
705 2793 841 2886 κᾶπειτα
872 2796 902 2864 oi
934 2798 1123 2886 αἱρεσιῶται
1152 2797 1209 2861 καί
1230 2794 1262 2860 οἱ

161 3098 316 3168 proverbio.
362 3100 401 3152 sic
419 3101 491 3150 omui
515 3099 679 3166 impudentia
703 3099 789 3152 induti
819 3106 881 3151 suut
907 3106 934 3151 et
960 3097 1071 3167 ingenio
1095 3098 1164 3149 truci
1190 3098 1261 3165 quod

160 3185 293 3239 nunquam
315 3171 415 3240 corrigi
445 3184 525 3238 posse
543 3179 663 3238 apparat.
706 3187 785 3239 quum
812 3172 882 3221 enirn
907 3171 1015 3237 proprie
1040 3183 1086 3219 eos
1106 3169 1261 3221 summissos

161 3257 222 3295 csse
242 3249 269 3296 ci
287 3242 447 3294 erubescere
476 3249 618 3308 oporteat,
648 3243 815 3309 impudentes
834 3249 941 3293 suntet
961 3241 1087 3309 graviora
1114 3241 1260 3307 peioraque

160 3315 189 3365 in
208 3329 250 3365 ute
269 3321 298 3365 ut
327 3315 424 3365 dictum
445 3321 486 3364 cst
502 3327 574 3364 nuno
602 3321 685 3381 agunt
710 3321 737 3364 ct
754 3327 861 3379 semper
886 3327 969 3381 agere
997 3313 1130 3362 minantur
1148 3319 1260 3377 propter

159 3383 260 3437 nullam
280 3386 387 3442 omnino
415 3383 494 3436 aliam
519 3400 624 3438 causam
653 3399 730 3452 quam
750 3384 821 3452 quod
850 3384 1048 3437 criminationes
1074 3382 1136 3432 inde
1156 3383 1259 3433 timent.

160 3457 198 3507 ita
216 3464 245 3507 ut
264 3471 314 3524 ago
328 3471 434 3524 quoque
453 3460 569 3508 coactus
582 3458 642 3520 sim,
661 3456 753 3508 amicis
774 3470 884 3522 quorum
906 3456 957 3506 erit
974 3460 1156 3520 postmortem
1175 3469 1262 3504 meant

162 3542 194 3578 ea
212 3527 307 3592 adire,
338 3528 451 3584 suadere
475 3536 504 3579 ut
522 3529 656 3596 inquirant
681 3535 708 3578 et
738 3535 898 3592 componunt
923 3527 1072 3592 scripturae
1098 3524 1261 3590 exemplaria

161 3614 230 3666 quae
250 3614 308 3650 cum
330 3599 427 3650 ceteris
447 3599 577 3651 similibus
596 3599 756 3664 transcripte
777 3598 831 3649 sint
859 3598 1009 3665 etquidem
1031 3603 1105 3647 recte
1124 3595 1191 3646 baec
1209 3596 1260 3647 ab.

161 3668 273 3722 asseclis
292 3671 401 3733 nostris,
420 3677 447 3721 et
464 3672 500 3722 ita
519 3679 549 3722 ut
564 3671 716 3722 discernant
735 3685 836 3722 verum.
860 3668 930 3720 bunc
951 3668 1019 3718 enim
1038 3669 1159 3718 timorem
1180 3682 1260 3734 quum

162 3755 213 3807 ego
234 3742 429 3806 protexuisscm
458 3749 484 3792 et
502 3741 608 3810 longius
635 3743 662 3792 in
681 3757 723 3792 mo
743 3743 911 3804 axctussem,
925 3739 1021 3791 tradidi
1041 3753 1072 3789 ea
1090 3741 1159 3805 quae
1179 3739 1261 3805 variis
1369 3793 1380 3805 ,

159 3811 408 3878 transcriptionibus
433 3813 598 3864 diversorum
623 3827 745 3864 manuum
775 3813 846 3864 bcue
878 3812 1054 3862 exercitatum
1078 3809 1260 3861 scriberentur
1353 3808 1357 3813 ’

162 3883 256 3949 partim
278 3899 347 3950 quae
371 3885 517 3940 domestico
544 3886 571 3934 in
590 3899 640 3936 usu
658 3892 764 3946 esseut,
783 3883 877 3951 partim
902 3897 971 3950 quae
990 3881 1083 3933 amicis
1103 3881 1261 3948 rogantibus

159 3954 299 4006 thesaurus
319 3962 349 4006 ut
366 3956 404 4007 ita
422 3955 513 4006 dicunt
532 3962 622 4007 essent
641 3970 717 4006 sacer
738 3962 765 4006 ct
783 3952 959 4006 inviolabilis.

258 4049 310 4111 Sed
324 4039 428 4116 intefca
447 4065 530 4117 opere
552 4058 578 4102 ct
599 4050 693 4102 dabore
714 4058 844 4118 occupato
868 4048 990 4101 Paiamae
1010 4050 1082 4100 vitae
1101 4050 1188 4101 exitus
1207 4049 1257 4100 ad-

158 4121 262 4174 modum
279 4121 392 4173 acerbus
411 4129 438 4174 et
455 4122 540 4190 turpis
559 4123 687 4186 advenit,
707 4137 785 4190 quum
805 4122 937 4172 incideret
962 4122 989 4172 in
1009 4129 1163 4172 consuetum
1183 4135 1258 4172 rnor-

158 4194 219 4246 bum
237 4195 432 4258 intestinorum,
452 4209 504 4262 quo
526 4193 579 4244 oibi
600 4209 633 4244 cx
652 4193 733 4246 alveo
751 4208 800 4261 per
813 4207 844 4245 os
857 4192 1070 4256 retrudebantur,
1089 4200 1116 4244 ct
1132 4193 1160 4244 iu
1178 4205 1257 4242 men-

159 4267 194 4317 tis
213 4263 351 4328 delirium,
376 4266 460 4316 itaut
488 4263 623 4316 violenter
642 4273 669 4316 ct
688 4265 784 4316 acerbe
813 4264 903 4316 evita
934 4265 1058 4332 abreptus
1077 4265 1122 4315 sit.
1161 4261 1257 4314 deinde

160 4349 226 4389 vero
248 4334 377 4390 baeretici
402 4335 448 4390 rel
466 4338 579 4392 maxime
596 4337 704 4407 cognati
730 4343 757 4388 ct
781 4335 901 4391 consocii
930 4337 1005 4403 eius,
1033 4337 1133 4405 quique
1157 4333 1259 4401 pariter
