3184 5100
329 401 384 484 'ts
639 379 864 486 siccaneas
895 407 1123 484 σπεσοαιο

333 568 476 653 ὀργάνων
497 565 638 654 ἐρεθίζει
660 571 740 656 πρός
763 571 925 653 εδψυχίαν
949 571 1123 655 πολεμικὴν
1144 576 1206 638 τοῖν
1229 573 1359 655 άνδράν
1381 569 1443 652 τῆν

334 669 448 757 ὁρμήν.
503 674 572 736 ἐπεί
601 674 636 735 δέ
666 670 848 753 ναυμαχίας
876 662 993 754 α’χάνες
1024 667 1135 754 ἥκιστα
1171 663 1253 757 ἦσαν
1277 671 1339 758 (οὗ
1374 669 1440 755 γάρ

335 765 417 856 ἦσαν
438 769 471 837 αἱ
495 767 781 855 α’νταχωνιζόμεναι
801 773 911 855 νῆες),
933 766 1063 848 τοξότας
1096 767 1192 849 όσους
1213 776 1312 855 ἐχρῆν
1335 797 1443 836 κατα-

260 905 263 910 ’
336 870 472 948 λιπόντες
494 874 527 937 ἐν
544 880 612 950 ταῖς
635 876 730 936 ναυσί
751 875 894 956 φυλακῆς
916 896 948 936 τε
979 875 1069 936 ἓνεκα
1097 877 1152 938 καί
1180 878 1237 938 tori
1259 874 1442 954 βάλλοντας
1467 895 1473 905 ’

335 973 491 1059 ἀνείργειν
517 973 568 1038 καί
596 973 823 1054 α’ντιπερισπᾶν
853 974 921 1035 ἐκεῖ
946 971 1022 1048 τοῦς
1044 970 1099 1037 ἐπί
1118 977 1182 1038 τόν
1201 967 1387 1056 ἐπάλξεων,
1410 968 1465 1039 oto

337 1075 441 1138 λοιποί
461 1076 573 1150 πάντες
596 1071 649 1137 ἐπί
669 1069 724 1155 τὴν
744 1073 801 1155 γῆν
825 1073 1018 1154 ἀπέβαινον,
1041 1073 1268 1162 κυκλώσασθαι
1293 1071 1351 1156 τήν
1377 1071 1442 1136 πό-

336 1181 385 1238 λιν
405 1176 614 1258 βουλόμενοι,
639 1170 792 1254 κλίμακάς
814 1196 846 1238 τε
879 1174 1070 1257 ἐπαγόμενοι
1102 1172 1265 1255 nitrosae,
1295 1178 1351 1238 καί
1372 1170 1442 1254 ἅμα

338 1271 481 1359 άὶρὴσειν
513 1276 627 1340 αὐτίκα
658 1275 745 1356 μάλα
773 1271 830 1357 τὴν
852 1276 942 1338 πόλιν
963 1276 1139 1354 ἐλπίζοντες
1168 1274 1221 1339 διά
1245 1299 1279 1338 τε
1301 1273 1443 1357 τὸπλῆ-

269 1395 324 1452 η
337 1380 393 1450 θος
415 1377 470 1439 καί
489 1373 547 1458 τὴν
569 1374 686 1458 τόλμην
705 1378 766 1438 τάν
789 1370 934 1442 όπλιτάν.
958 1372 1361 1460 περιστρατοπεδεύσαντες
1385 1367 1443 1438 οὖν

336 1472 551 1560 ἐπολιόρκουν,
571 1478 673 1552 τόξοις
691 1499 723 1540 τε
745 1472 915 1556 βάλλοντες
945 1470 1109 1559 ἑκηβόλοις
1144 1476 1198 1540 καί
1216 1481 1371 1556 κλίμακας
1397 1477 1443 1563 τῷ
1453 1495 1485 1549 10

335 1574 428 1661 τείχει
453 1573 680 1662 προσάγοντες,
714 1579 769 1642 καί
800 1571 866 1657 δμα
891 1576 945 1640 διά
974 1575 1032 1658 τῆν
1054 1582 1260 1661 πολυχειρίαν
1279 1575 1361 1640 etet
1385 1581 1444 1642 τοῦ

336 1679 460 1763 τείχους
494 1675 660 1760 διιόρυχας
691 1678 856 1762 πόρρωθεν
894 1679 1054 1762 δρῶντες,
1077 1680 1128 1742 ἵνα
1152 1681 1242 1742 δυοῖν
1262 1675 1444 1762 δότερονῆ

337 1779 390 1845 διά
413 1785 469 1863 τῆς
501 1782 564 1844 τάν
594 1778 754 1861 κλιμάκων
784 1777 911 1844 ἐκείνων
947 1779 1130 1864 άναδρομῇς
1159 1773 1180 1863 ἢ
1210 1777 1264 1842 διά
1289 1781 1346 1864 τῆς
1377 1783 1442 1843 τῶν

338 1879 506 1962 δπονάμων
528 1880 714 1965 όποδρομῆς
731 1880 866 1946 τουτωνί
881 1880 1024 1944 λάθωσιν
1045 1880 1088 1954 εἰς
1112 1878 1170 1962 τὴν
1191 1881 1282 1944 πόλιν
1304 1903 1441 1964 παρεισ-

337 1981 494 2056 πεσόντες.
538 1979 608 2044 ἐπεί
628 1983 663 2044 δὲ
684 1989 845 2066 μηχαναῖς
866 1978 1016 2064 μηχανάς
1038 1976 1053 2044 ὅ
1076 1983 1139 2043 τάν
1157 1984 1332 2045 Βενετικάν
1357 1984 1442 2045 ἐκεῖ·
1452 1997 1483 2050 15

337 2105 387 2158 νος
410 2080 575 2166 νπάαρχός
597 2107 631 2150 τε,
654 2086 709 2146 καί
728 2079 854 2167 ἦγεμάν
880 2079 1007 2147 ἔνδοθεν
1029 2080 1220 2146 άνθιστάναι
1240 2082 1298 2144 οδκ
1317 2083 1442 2166 η’μέλει,

336 2187 521 2263 συνέβαινεν
542 2179 622 2249 εἶναι
655 2183 729 2259 τούς
753 2180 873 2261 ἐξωδεν
894 2185 957 2248 τῶν
980 2187 1136 2265 πολεμίων
1167 2185 1290 2266 άγῶνας
1314 2182 1444 2270 α’πράκ-

335 2307 418 2358 τους.
461 2287 583 2368 πρῶτον
614 2289 673 2365 μὲν
699 2282 760 2368 γάρ
790 2283 905 2368 βάρεσι
932 2290 1031 2349 λίθων
1061 2287 1095 2348 ἐκ
1116 2287 1177 2348 ταῖν
1203 2283 1362 2360 ἐπάλξεων
1387 2283 1443 2349 καί

338 2391 445 2468 βέλεσι
468 2387 679 2460 παντοδαποῖς
708 2388 910 2469 τραυματίας
937 2385 1095 2472 άπέφαινε
1121 2387 1208 2470 σφοῖς
1235 2388 1290 2448 καί
1320 2385 1443 2451 α’πεσό-

338 2472 410 2569 βει·
461 2479 522 2576 ὅπῃ
552 2487 581 2549 δ’
609 2482 693 2570 talpa
727 2489 780 2552 καί
802 2475 929 2552 άπενόεὶ
961 2492 1086 2570 κλίμαξι
1118 2483 1257 2570 βάσιμον
1291 2482 1372 2553 εἶναι
1406 2487 1484 2573 τάλθ

340 2597 455 2671 τεῖχος,
478 2583 563 2671 δίψος
590 2584 699 2652 ἱκανόν
725 2588 826 2665 auidiis
847 2593 1044 2674 προσετίθει,
1072 2589 1128 2673 τήν
1150 2613 1182 2653 τε
1203 2590 1264 2653 τάν
1283 2588 1444 2669 ἐπάλξεων

340 2678 508 2753 συνάπτων
522 2690 673 2775 διέχειαν,
693 2694 749 2754 καί
763 2687 895 2766 ταόταις
912 2691 1106 2775 α’νδρόμρκες
1122 2688 1318 2775 οἰκοδόμημα
1341 2715 1444 2776 προσ-

340 2792 441 2863 τιθείς
473 2786 550 2875 πρός
569 2787 633 2869 ’ἐξά
658 2792 713 2855 καί
740 2788 851 2856 λεπτόν
865 2794 1052 2876 ἀ’πολῆχον,
1079 2792 1123 2867 ὥς
1143 2790 1196 2856 καί
1216 2791 1354 2875 άναβοῖσι
1376 2802 1443 2869 τοῖς

341 2889 501 2973 πολεμίοις
530 2889 684 2977 δύσεργόν
710 2916 746 2959 τε
779 2886 849 2973 καί
865 2893 952 2976 μάλα
983 2891 1181 2959 ἐπικίνδυνον
1202 2885 1285 2957 εἶναι
1305 2890 1362 2977 τήν
1381 2900 1443 2960 τάν

342 3184 397 3223 non
416 3170 494 3225 lieret
514 3174 626 3227 navibus
645 3176 745 3243 quippe
764 3190 819 3227 non
842 3174 1059 3239 occurrentibus,
1084 3167 1153 3243 quae
1173 3191 1231 3225 eum
1250 3176 1284 3227 iis
1303 3177 1331 3227 in
1352 3184 1441 3228 certa.

342 3260 403 3295 men
422 3246 629 3309 descenderent,
649 3247 753 3298 idoneis
772 3245 875 3297 relictis
903 3246 1065 3313 sagittariis,
1096 3249 1140 3315 qni
1163 3259 1247 3299 naues
1278 3248 1443 3299 custodirent

343 3330 453 3383 cosque,
475 3318 520 3385 qui
535 3332 567 3368 ex
578 3317 786 3385 propugnaculis
798 3316 852 3368 tela
870 3316 1063 3381 iaculabantur,
1082 3318 1258 3371 defenderent
1272 3326 1442 3387 atqueaver.

342 3395 440 3451 terent,
459 3387 558 3455 reliqui
576 3388 608 3438 ad
618 3388 710 3439 urbem
731 3389 886 3455 cingendam
897 3388 988 3440 multis
1008 3405 1066 3439 cum
1086 3390 1166 3441 scalis
1184 3391 1322 3441 interram
1339 3392 1443 3459 egressi

342 3460 463 3524 protinus
483 3474 512 3510 se
533 3467 658 3525 capturos
678 3475 737 3511 esse
757 3460 847 3511 urbem
867 3460 1019 3526 sperabant,
1039 3460 1207 3513 multitudine
1227 3469 1253 3511 et
1271 3460 1371 3513 bellico
1389 3464 1442 3512 mi-

343 3528 418 3581 litum
436 3530 547 3581 audacia
566 3530 636 3583 freti.
666 3532 865 3583 circumsessam
884 3533 967 3600 igitur
984 3532 1076 3583 urbem
1096 3532 1285 3601 oppugnabant
1298 3532 1355 3584 tela
1374 3535 1441 3585 emi.

342 3616 392 3653 uus
410 3602 547 3666 mittendo,
567 3602 646 3654 scalis
675 3603 781 3653 moenia
807 3604 952 3654 adoriendo
981 3612 1021 3668 et,
1050 3605 1112 3671 quia
1140 3604 1272 3655 hominum
1300 3604 1441 3657 multitudo

344 3673 538 3739 suppeditabat,
558 3674 651 3741 procul
674 3672 813 3725 cuniculos
833 3675 866 3725 ad
887 3690 976 3725 muros
995 3683 1070 3726 recta
1089 3677 1209 3743 agendo,
1229 3684 1258 3726 ut
1279 3684 1325 3727 aut
1352 3676 1441 3727 scala.

344 3758 400 3794 rum
421 3758 534 3796 ascensu
554 3752 600 3797 aut
621 3745 805 3797 cuniculorum
825 3746 998 3798 subterraneo
1020 3763 1099 3797 cursu
1123 3748 1151 3798 in
1169 3747 1261 3797 urbem
1290 3746 1441 3799 clanculum

300 3834 302 3837 ·
344 3816 530 3881 irrumperent.
576 3834 655 3885 quum
680 3826 768 3869 autem
788 3816 909 3869 Venetae
927 3817 1021 3869 classis
1039 3818 1192 3884 praelectus
1213 3826 1294 3885 atque
1312 3819 1366 3870 dux
1383 3834 1440 3870 rna.

258 3914 273 3961 3
345 3884 431 3937 oblitis
449 3886 584 3939 machinas
604 3890 767 3941 intrinsecus
787 3903 925 3955 opponere
946 3888 1016 3940 haud
1036 3890 1440 3952 eessuret‚certanrinahostiurn

346 3956 512 4009 extrinsecus
531 3960 607 4010 irrita
627 3968 711 4011 erant.
755 3961 867 4027 primum
887 3961 956 4012 enirn
976 3961 1046 4012 saxis
1065 3960 1192 4029 gravibus
1215 3968 1241 4012 et
1260 3963 1331 4012 omni
1350 3961 1440 4012 missi.

344 4027 409 4078 lium
428 4042 528 4095 genere
548 4045 594 4082 eos
612 4046 646 4081 ex
663 4030 872 4099 propugnaculis
893 4032 1028 4099 impetitos
1049 4034 1180 4085 sauciavit
1201 4041 1281 4100 atque
1298 4033 1440 4099 proturba.

345 4100 393 4151 vit.
431 4099 476 4151 ubi
496 4108 582 4152 autem
610 4118 713 4153 murum
740 4102 820 4155 scalis
846 4120 958 4156 ascensu
978 4102 1085 4154 facilem
1106 4120 1166 4157 esse
1186 4105 1440 4171 videbatetsuspi.
1465 4128 1474 4145 ·

346 4169 462 4236 cabotur,
483 4171 624 4224 altitudine
642 4174 740 4241 idonea
765 4177 852 4228 statim
873 4174 961 4227 addita
979 4173 1123 4226 intervalla
1148 4176 1219 4227 inter
1244 4175 1350 4243 singula
1376 4191 1440 4242 pro.

345 4242 496 4311 pugnacula
516 4246 663 4311 coniunxit,
682 4246 770 4315 iisque
789 4247 911 4298 aedilicia
923 4246 1053 4300 adstruxit
1070 4244 1185 4300 hominis
1204 4246 1370 4299 altitudinem
1387 4261 1440 4298 non

346 4314 504 4368 excedentia
521 4324 601 4386 atque
620 4318 647 4369 in
668 4324 775 4371 tenuem
795 4326 945 4369 ctucutum
970 4317 1074 4383 apicem
1099 4320 1244 4385 exeuntia,
1266 4327 1296 4370 ut
1321 4318 1450 4396 hostibusx
