3184 5100
255 414 476 482 msnonmn
495 368 757 481 eminente
780 361 933 485 xxxam
953 393 1141 487 aa-ross
1200 413 1273 491 atr

74 614 78 633 ι
169 581 257 666 simei
280 577 372 664 τάφῳ
403 579 459 643 καί
490 578 634 663 όνείρους
663 578 869 665 ἐπιφημίζειν
898 581 1088 666 τερατώδεις
1107 581 1196 659 τινάς
1218 584 1274 651 καί

74 704 76 735 ι
173 682 247 747 λίαν
267 676 324 766 ἐφ’
344 671 391 757 οἷς
412 681 602 763 ἐμισθοῦντο
626 678 831 757 συνόδοντας.
853 679 876 745 ά
899 685 927 747 δ’
950 682 978 748 oi
1001 686 1124 749 ἐκεῖθεν
1146 686 1273 762 εἰςΒα-ι

74 806 76 833 ²
175 782 297 863 ζάντισν
331 779 555 867 ἀφικνούμενοι
584 783 776 866 συχνότερον
815 777 927 868 ἄνδρες
961 781 1064 850 ἄλλοτ’
1089 781 1180 849 ἄλλοι
1202 790 1272 872 διη-
1376 814 1380 835 ·

74 904 75 937 l
173 887 300 970 γοῦντσ,
331 883 386 947 καί
417 881 485 967 ἅμα
514 880 555 947 τὰ
580 876 700 967 ἑτέροις
726 884 820 967 ἕτερα
856 888 919 949 cdv
947 888 1162 972 γραμμάτων,
1190 884 1395 973 ἦσανῐιῖῧ9ὓ·

74 1036 75 1041 ,
147 983 291 1049 arcados.
343 982 423 1067 μετά
449 982 510 1069 γάρ
540 981 575 1047 τό
604 983 710 1072 λάθρη
737 988 800 1048 τῶν
820 982 1003 1071 ἡμετέρων,
1033 990 1150 1073 φασίν,
1188 989 1337 1065 inanest

174 1082 355 1171 ὑφελέσθαι
376 1088 510 1168 βίβλους
534 1082 561 1148 οἶ
584 1087 617 1149 ἐν
630 1085 798 1173 Βυζαντίῳ
820 1089 877 1170 τῆς
899 1089 1062 1173 φάλαγγος
1084 1084 1171 1165 ὄντες
1191 1090 1273 1155 ἐκεί-

173 1208 248 1263 νου,
272 1186 343 1251 ἐπεί
367 1185 412 1269 μὴ
435 1184 582 1249 ἕδάναντσ
611 1184 789 1271 ἀντιλέγειν,
814 1184 858 1263 ιός
883 1186 1015 1273 εἴρηται,
1037 1187 1119 1274 πρός
1137 1186 1193 1274 την
1214 1215 1273 1258 σν-

173 1288 261 1372 ιιίνην
295 1287 481 1372 ἐπικουρίαν
514 1288 546 1365 ἔξ
572 1286 708 1373 άνόγκης
739 1285 794 1352 τόν
828 1288 973 1374 δεότερσν
997 1288 1273 1371 ἐβλειμανπλοῦν,

173 1392 229 1455 καί
256 1392 302 1477 sigi
327 1392 476 1484 Παλαμᾷ
505 1390 536 1465 ἐς
559 1389 795 1474 Θεσσαλονίκην
825 1386 906 1454 αὐτὰ
940 1390 1201 1477 ἐπεπόμφεισαν,
1230 1394 1275 1469 εἰς
1338 1436 1342 1440 «
1389 1392 1393 1399 ’

128 1502 163 1557 10
175 1493 294 1576 οἷμόνης
313 1490 432 1573 τόλμαν
455 1488 550 1553 αὐτόν
582 1491 779 1576 ἐρεθίζοντες
786 1540 795 1569 ,
826 1493 1037 1577 παραπλήσια
1070 1495 1205 1578 δρῶντες
1227 1486 1274 1570 οἷς

173 1593 292 1677 α’κατάρ
331 1595 455 1677 βραχεῖ’
486 1591 625 1677 μεγάλης
654 1588 790 1668 ὁλκάδος
827 1593 1066 1677 ἐπισωρεόσασι
1100 1594 1219 1679 φόρτον
1240 1596 1273 1669 ἐς

172 1690 392 1779 δποβρυχίσυς
425 1691 592 1775 πυθμένας
618 1690 715 1756 α’θεῖν
748 1690 844 1768 εὐθὺς
862 1691 1025 1777 ἐξεγένετο.
1076 1695 1117 1779 τῇ
1140 1690 1202 1778 γάρ
1225 1694 1272 1757 nh

148 1785 308 1881 Ιθισμόόῃ
338 1798 394 1880 τῆς
420 1793 545 1880 γνιόμης
577 1796 743 1885 φιλοδοξίᾳ
769 1796 825 1861 καί
843 1797 898 1859 νῦν
932 1792 950 1858 ό
973 1797 1142 1878 Παλαμός
1159 1792 1194 1859 τό
1216 1797 1272 1879 τῆς

171 1894 307 1981 γλώττης
325 1894 538 1981 χαριζόμενος
560 1896 861 1981 βλασφημούμενοι,
883 1896 938 1961 καί
964 1894 1031 1978 ἅμα
1054 1896 1202 1981 γλυκείας
1222 1919 1271 1959 τι-

128 2009 162 2061 15
171 1993 224 2073 νός
249 1994 440 2082 παραγεόιον
468 1997 596 2074 ἐλπίδος
628 1990 675 2073 οἷς
709 1996 763 2061 τόν
793 1996 982 2082 αἱρεσιιότην
1010 1986 1111 2081 δῆμον
1132 1997 1274 2080 πληροόν

171 2100 342 2181 τηνικαῦτα
364 2097 567 2175 ξυνέπιπτεν,
591 2093 654 2162 οὔτ’
676 2085 896 2184 ἀπηγόρευσεν
916 2093 981 2161 οὔτ’
1005 2096 1182 2179 ἀνεβάλετο,
1205 2096 1277 2183 sill!x

172 2199 217 2273 εἰς
238 2201 350 2280 μεῖζον
369 2202 488 2285 μακρῷ
509 2203 564 2284 τῆς
587 2200 746 2286 σφετέρας
776 2196 942 2280 δυνάμεως
970 2194 1172 2282 ἐμβεβληκώς
1196 2190 1274 2263 eoro-
1343 2241 1369 2267 2

171 2296 226 2361 τόν
252 2299 414 2383 άγιδνισμα
437 2299 577 2363 πέπονθε
597 2302 739 2385 κατάρας
760 2296 834 2377 ἄξια
855 2302 991 2384 μακράς,
1012 2298 1068 2362 καί
1089 2295 1151 2362 όσα
1173 2296 1277 2381 λέγειν

172 2398 264 2483 ἡμεῖς
286 2398 466 2481 αἰδούμεθα
485 2399 629 2485 τήμερον,
651 2400 696 2484 μη’
713 2424 760 2475 τις
781 2398 866 2482 ἡμᾶς
886 2401 933 2484 τῷ
953 2397 1124 2463 πεπονθότι
1143 2398 1273 2482 χαίρειν

126 2497 396 2577 λδδποπτεόσειε,
429 2502 488 2565 τιό
508 2497 609 2586 ἤθους
634 2499 724 2586 ἡμῶν
746 2498 856 2576 ὁποῖός
878 2524 927 2576 τις
950 2495 988 2564 όν
1012 2497 1060 2585 εἴη
1083 2497 1182 2584 πάντη
1206 2500 1273 2566 slis-⁴

173 2599 294 2687 στηκιδς
314 2603 370 2666 καὶ
392 2603 679 2685 καταψευδόμενος.
733 2605 780 2686 τῷ
799 2601 860 2689 γάρ
886 2591 982 2686 άγιόνι
1000 2603 1118 2666 τουτωί
1140 2603 1338 2685 eordan-43

171 2702 317 2789 μερεόων
339 2705 394 2770 καί
415 2703 529 2782 sensas
555 2701 632 2782 ὅλας
668 2703 849 2790 α’γρόπιίσυς
882 2706 1055 2780 διατελῶν,
1089 2700 1132 2779 ὦς
1162 2701 1272 2788 φασίν,
1322 2755 1342 2774 ,.

174 3041 277 3094 somnia
306 3039 435 3109 evolgars
455 3039 617 3094 miraculose
646 3047 673 3094 ct
689 3039 753 3094 talia
772 3054 887 3102 canere,
912 3051 1008 3106 magna
1027 3035 1153 3089 mercede
1170 3035 1275 3087 condo.

175 3121 242 3164 ctos.
280 3127 348 3180 quac
375 3125 440 3162 vero
469 3112 531 3164 inde
549 3111 706 3176 Byzantium
732 3111 878 3178 migrantes
898 3111 950 3161 viri
977 3115 1118 3160 narrarunt
1137 3106 1216 3158 nobis
1234 3107 1275 3158 si.

175 3183 284 3250 mulque
311 3182 382 3234 aliae
408 3181 515 3234 litterae
538 3191 613 3234 erant
632 3183 750 3234 haecce:
778 3189 926 3249 postquam,
947 3189 977 3232 nt
996 3179 1133 3241 referunt,
1154 3179 1198 3245 qui
1219 3177 1275 3242 By.

176 3255 258 3308 santii
276 3255 328 3306 ista
346 3253 373 3304 in
386 3253 497 3305 cohorte
517 3261 605 3317 erant,
635 3253 701 3304 clam
723 3253 830 3320 singula
857 3252 984 3320 quaedam
1011 3251 1154 3316 escriptis
1175 3248 1275 3299 nostris

175 3327 296 3380 suliurati
316 3333 406 3388 erant,
428 3341 506 3392 quum
530 3325 686 3392 impugnare
707 3339 759 3376 non
780 3324 920 3387 valerent,
937 3331 967 3376 ut
984 3323 1082 3373 dictum
1101 3328 1159 3384 est,
1180 3319 1212 3370 ad
1229 3319 1275 3370 in-

176 3395 291 3450 validum
302 3396 429 3448 auxilium
440 3397 602 3448 necessitate
613 3397 699 3448 coacti
708 3391 739 3448 λιι
748 3397 892 3461 secundnm
908 3403 1015 3446 rentum
1029 3391 1226 3459 respectabant,
1249 3396 1277 3440 et

176 3468 298 3522 Palamae
308 3465 522 3520 Tbessalonicam
533 3483 565 3518 ea
574 3469 703 3522 miserunt
719 3468 861 3519 incitantes
872 3483 930 3518 eam
944 3467 976 3518 ad
991 3465 1125 3516 andaciam
1136 3462 1276 3514 defensio.

74 3605 75 3608 Ἴ
176 3541 228 3604 nis,
247 3541 299 3607 ipsi
318 3539 415 3592 similia
429 3539 559 3590 iacientes
570 3539 613 3604 ils,
633 3541 678 3610 qui
693 3541 791 3608 exigno
810 3540 838 3589 in
857 3537 983 3590 naviculo
995 3535 1195 3606 magnaenavis
1207 3532 1290 3584 onor

74 3665 75 3678 ¹
175 3611 344 3664 accumulare
360 3612 460 3674 conati,
473 3611 499 3662 id
512 3613 538 3662 in
559 3609 716 3678 protundum
733 3611 782 3662 sab
800 3624 869 3678 aqua
890 3610 1029 3662 demittere
1050 3608 1146 3658 deinde
1164 3611 1297 3670 repentex

74 3713 75 3754 l
177 3690 318 3750 coguntur.
338 3689 465 3734 consueta
480 3684 562 3751 igitur
577 3685 671 3734 mentis
686 3682 831 3734 ambitione
848 3683 971 3734 inductos
987 3681 1066 3730 etiam
1084 3675 1275 3730 tuocPalamas

92 3757 96 3762 “
181 3753 292 3822 linguae
310 3753 501 3822 malignitatem
522 3753 657 3818 exercuit,
677 3753 810 3822 simulque
829 3752 933 3804 dulcem
952 3753 1081 3820 quandam
1100 3761 1173 3817 spem
1194 3761 1276 3814 prae-

175 3824 262 3877 libans
294 3824 389 3893 quibus
411 3824 605 3878 hoereticorum
625 3833 724 3877 sectam
752 3823 881 3892 compleri
907 3837 940 3874 eo
958 3831 1078 3890 ternpore
1097 3820 1203 3884 accidit,
1223 3831 1275 3870 ne.

176 3913 229 3965 que
253 3897 405 3964 repudiarit
429 3913 517 3965 neque
537 3905 674 3948 cunctatus
708 3903 758 3948 est.
800 3895 897 3948 sedin
924 3893 1007 3946 multo
1026 3893 1110 3944 moins
1129 3905 1206 3958 qnam
1225 3902 1274 3957 pro
1345 3939 1347 3944 ,

175 3968 278 4020 viribus
288 3968 344 4020 sois
363 3975 496 4020 certamen
508 3985 538 4021 sc
550 3969 693 4022 immittens
707 3979 800 4036 passas
820 3973 861 4018 est
876 3980 972 4034 magna
990 3965 1176 4016 exsecratione
1194 3961 1274 4029 digna

74 4101 75 4104 ρ
177 4047 204 4092 et
222 4047 318 4108 quanta
345 4039 435 4093 dicere
460 4054 509 4092 nos
532 4040 610 4092 hodie
640 4041 739 4108 pudet,
757 4053 792 4090 oe
811 4039 871 4107 qnis
890 4051 940 4088 nos
967 4050 1000 4088 eo
1020 4037 1138 4104 patiente
1156 4035 1274 4104 gaudere

176 4111 336 4179 suspicetur,
356 4113 401 4180 qni
421 4111 525 4180 quidem
550 4111 583 4163 ab
603 4111 694 4166 indole
712 4117 804 4164 nostra
823 4123 931 4177 prorsus
957 4107 1095 4160 dissentiat
1111 4121 1143 4158 ae
1162 4106 1274 4158 mandax

175 4185 227 4237 sit:
247 4181 314 4234 olam
325 4183 394 4234 enim
405 4184 432 4235 in
451 4197 482 4234 eo
496 4183 640 4236 certamine
657 4190 729 4236 totos
742 4181 800 4234 dies
818 4189 940 4234 versatus
951 4187 993 4232 est
1010 4187 1038 4231 et
1056 4185 1227 4232 totasnootes
1246 4175 1274 4224 in

176 4269 284 4308 somnes
304 4256 360 4322 egit
379 4255 530 4324 priusquam
548 4255 649 4324 aliquid
669 4270 703 4306 ex
723 4254 817 4306 studiis
838 4254 894 4306 suis
914 4253 1067 4319 proliceret,
1089 4250 1183 4302 mentis
1202 4242 1273 4298 deli·

176 4327 220 4379 rio
236 4331 318 4396 atqoe
335 4327 439 4380 insanis
456 4333 489 4380 nt
504 4328 600 4382 dicitnr
619 4333 886 4396 correptusnropter
900 4325 1012 4380 nimiam
1029 4325 1178 4380 siceitatem
1195 4329 1275 4371 oere-
