3184 5100
306 365 528 440 nrsronme
557 369 815 436 nrznnmnan
839 325 949 434 xxii(
971 349 1010 435 t.
1043 351 1081 433 5.
1231 355 1256 432 e

158 559 238 619 μονα
253 536 369 622 κομιδῇ
392 536 448 598 καί
469 529 646 617 α’θόροβον,
670 525 750 596 ἅττα
777 531 842 596 ποτ’
873 524 912 594 (ἐν
936 527 1033 606 αὐτὸς
1054 531 1128 610 ἐμοί
1147 523 1258 612 προεὶ-

159 641 250 702 δέναι
271 636 400 718 βούλοιο
422 625 465 700 ὧν
488 634 506 719 ἡ
529 629 638 718 μακροὶ
660 656 711 700 σοι
732 635 876 717 περιόδσς
901 631 1075 716 ἐχαρίσατο
1096 634 1153 715 γῆς
1172 626 1258 711 δμοδ

158 741 211 803 καί
230 735 414 820 θαλάσσης·
437 738 531 802 ον’δὲν
552 735 614 820 γὰρ
637 729 737 810 οδτως
755 736 943 820 ειίφραίνειν
956 728 1038 800 οἶδεν
1060 732 1176 798 ον’δένα
1196 733 1259 798 τοῖν

159 839 293 920 πάντων,
314 839 460 922 καθάπερ
484 840 588 904 ἐκεῖνα
610 836 687 922 πρὸς
707 858 741 901 ro
771 830 937 921 φιλητικὸν
966 837 1022 918 τῆς
1043 836 1152 917 ψυχῆς
1174 830 1261 897 οἴκο-

136 945 214 1017 soto
234 963 270 1006 τε
293 941 352 1004 xcix
375 938 503 1025 φύσεως
517 936 572 1021 τήν
596 933 698 1022 ρὀπην
720 939 889 1020 ἐκτήσατο·
934 932 1086 1018 δημόσιον
1107 932 1168 1019 γάρ
1187 957 1260 998 τινα

157 1043 299 1126 βάσανον
319 1042 375 1106 rain
397 1040 503 1129 κόσμῳ
525 1045 590 1114 τοῖς
613 1041 690 1104 πᾶσι
721 1040 910 1123 προκεῖσθαι
929 1038 1051 1120 γίνεται
1074 1033 1260 1119 πράγματα,

156 1143 304 1226 καθάπερ
325 1140 430 1217 εἴδους
460 1131 535 1206 ἄνευ
562 1135 640 1225 ι’·’λην
657 1137 691 1203 τὸ
716 1139 895 1219 αδτὸνομον
922 1140 978 1220 τῆς
999 1140 1061 1202 τῶν
1080 1133 1260 1221 ἀνθρώπων

158 1246 333 1317 διαθέσεως
355 1243 634 1326 προκαλουμένων,
657 1234 723 1306 οἷόν
736 1264 807 1304 τινα
830 1237 1026 1323 δημιουργὸν
1043 1239 1097 1301 ιιαί
1116 1239 1262 1320 τεχνίτην

158 1342 238 1428 πρὸς
259 1344 316 1428 τη”ν
339 1345 438 1428 αὐτῆς
458 1344 652 1426 εἶδοποίησιν
676 1342 729 1407 καί
746 1341 891 1427 μορφην,
924 1341 976 1413 ἵνα
999 1341 1037 1424 δη
1060 1341 1119 1403 τοῦ
1138 1340 1263 1420 βελτιο-

122 1458 208 1520 1ονος
230 1439 252 1529 ἢ
271 1448 331 1509 τοῦ
349 1447 494 1529 χείρονος
516 1449 579 1531 σχῇ
610 1441 666 1526 την
687 1441 893 1524 ἐπωνυμίαν,
926 1444 979 1506 καί
1000 1443 1104 1526 πάσης
1130 1442 1262 1525 βροντῆς

156 1543 452 1631 μεγαλοφωνότεροι
472 1548 526 1629 τῆς
546 1549 609 1610 τοῖν
630 1548 803 1630 χρωμένων
822 1547 971 1628 γίνωνται
995 1543 1129 1627 κηροιιες
1150 1545 1263 1606 oract-

157 1669 237 1721 οεως
257 1642 393 1712 αὐτόθεν
414 1644 453 1711 τά
472 1649 654 1729 πράγματα.
700 1647 731 1710 εί
746 1647 806 1727 μὲν
826 1636 883 1710 οὖν
907 1649 961 1709 ιιαί
983 1639 1090 1720 ἄλλοις
1110 1641 1159 1727 εἴη
1182 1642 1263 1725 πρὸς

158 1748 278 1828 τρόπου
300 1744 335 1813 τὰ
359 1750 414 1830 τῆς
433 1747 586 1833 ἡμετέροις
607 1749 698 1828 ἕξεως
715 1749 822 1831 τῆσδε,
843 1750 955 1838 εἰδεῖεν
978 1739 1017 1811 ἐν
1040 1745 1073 1811 οἵ
1091 1747 1171 1820 τινές
1192 1747 1263 1808 ποτ’

159 1840 208 1929 ἄρ’
235 1841 298 1912 εἶεν
318 1850 447 1913 ἐκείνοι·
491 1849 569 1912 τίδ’
592 1843 669 1930 οὖν,
698 1851 764 1912 ἀλλ’
794 1846 900 1931 ἐμοιγε
931 1847 986 1912 καί
1005 1847 1135 1933 σφόδρα
1154 1847 1189 1939 pe
1213 1866 1262 1908 τοι

121 1962 149 2014 15
158 1946 236 2014 κοιτοί
260 1947 388 2034 γνώμην
403 1947 505 2016 ὁπόσοι
523 1953 578 2035 τῆς
600 1951 730 2015 τοιοῖσδε
750 1946 924 2033 μαθήσεως
947 1947 1064 2031 ἔχεται.

260 2049 329 2114 Κοιί
342 2053 402 2131 μέν
414 2051 450 2136 δη
468 2054 568 2116 ταῦτα
585 2050 753 2130 διεξιόντος
772 2053 865 2133 ἐμοῦ,
880 2049 988 2115 τοιοίδε
1003 2051 1144 2124 ιιοίιιείνος
1159 2047 1261 2132 α’ρξιί-
1272 2057 1297 2109 Β

158 2175 251 2235 μενος
276 2150 402 2240 διεξῄει.
452 2152 554 2218 πάντα
576 2155 635 2232 μὲν
655 2152 795 2236 χαλεπὸν
819 2148 945 2236 ἐνείη,
967 2156 1055 2238 φησί,
1078 2152 1261 2234 διηγεῖσθαι

160 2257 232 2318 soff
256 2256 387 2318 ἕκαστον
406 2249 449 2329 ὥς
471 2251 544 2337 ἔσχε
567 2253 668 2336 τιίμοὶ·
693 2255 736 2330 ιδς
757 2255 786 2318 δ’
801 2248 859 2318 οὖν
881 2258 914 2320 ἐν
933 2251 1095 2342 κεφαλοίρι
1114 2253 1263 2330 διεξιέναι

159 2351 196 2418 τοὶ
211 2357 319 2436 πλείω,
343 2359 437 2420 τοῦτο
455 2358 482 2420 δ’
497 2355 554 2419 οὐκ
578 2348 615 2420 ὅν
629 2357 694 2420 ποτ’
711 2352 964 2438 οίπαγορειίσαιρί
979 2352 1086 2431 αδτός,
1107 2353 1150 2429 ὥς
1172 2351 1260 2433 μιίλα

122 2465 151 2520 20
161 2448 195 2520 ἐν
215 2456 309 2521 ον’δέο
333 2455 478 2539 ἐρμιδδες.
505 2471 510 2482 “
535 2449 631 2524 οἶσθα
653 2456 734 2542 γάρ’,
759 2453 845 2539 εἴπερ
868 2479 915 2532 τις
936 2454 1100 2538 ἁπάντων,
1123 2455 1164 2518 δι’
1186 2445 1261 2536 ὅσης

160 2555 220 2639 ἐγώ
243 2561 300 2641 τῆς
322 2560 462 2645 ἐφέσεως
487 2553 563 2643 ἦγον
583 2557 682 2624 πολύν
705 2584 777 2624 τινα
803 2559 903 2623 πάλαι
923 2558 1036 2643 χρόνον
1055 2557 1191 2640 τοοτηοί
1207 2557 1261 2638 τῆς
1294 2579 1298 2589 ‘

162 2661 238 2745 ἐμῆς
257 2656 391 2745 ἔκδημος
404 2666 592 2745 γεγενῆσθαι
606 2662 768 2747 πατρίδος,
789 2660 930 2746 ἱστορίας
943 2684 976 2726 τε
996 2663 1087 2725 ἕνεκα
1108 2652 1260 2745 πραγμά-

163 2929 323 2996 evertitqne.
360 2927 477 2981 libenter
494 2944 561 2983 vero
580 2930 702 3000 equidem
719 2944 792 2983 nuno
811 2944 889 3001 qnam
906 2928 1020 2982 maxime
1038 2926 1122 2979 otium
1140 2924 1262 2978 omnibns

162 3000 278 3067 negotiis
298 3006 379 3067 atque
396 3001 481 3054 turbis
496 3017 611 3054 vacnum
631 3018 714 3071 egens
730 3010 804 3054 exte
823 3002 980 3064 audiverim,
1002 3012 1178 3068 quaecunque
1196 2997 1262 3071 mihi

163 3072 264 3122 reierre
287 3070 356 3123 veiis
378 3072 411 3123 de
436 3072 516 3125 rebus
531 3089 640 3143 quarum
666 3074 849 3143 cognitionem
867 3072 915 3124 tibi
926 3072 1009 3140 longa
1027 3070 1076 3123 iiia
1095 3079 1184 3122 terrae
1201 3084 1261 3121 ma.

163 3143 251 3210 risque
271 3145 453 3211 peregrinatio
469 3146 658 3213 suppeditavit.
696 3144 765 3197 nihil
780 3146 851 3197 enim
870 3159 1027 3213 quemquam
1046 3149 1118 3195 tanta
1137 3140 1261 3192 obiecta.

163 3216 235 3264 tione
256 3214 366 3265 aiiicero
384 3224 474 3283 potest
493 3232 570 3285 quam
594 3218 663 3269 istne
682 3232 744 3281 res,
774 3232 843 3285 qnae
862 3231 909 3268 sun
928 3223 1023 3283 sponte
1050 3222 1076 3265 et
1096 3219 1191 3279 suapte
1209 3227 1260 3263 na.

164 3285 271 3335 turned
290 3286 371 3337 animi
391 3289 476 3339 nostri
505 3288 665 3341 desiderium
692 3287 823 3341 inclinant
846 3295 926 3356 atque
954 3286 1130 3354 propendent.
1168 3297 1261 3335 omnes

164 3356 232 3407 enim
250 3372 294 3409 ree
313 3358 340 3407 in
359 3359 455 3409 mundo
483 3358 592 3425 publico
613 3360 715 3412 cuidam
744 3361 860 3411 omnium
882 3359 997 3410 examini
1018 3356 1156 3409 subiectae
1175 3355 1261 3407 veluti

162 3428 282 3478 iniormis
306 3431 432 3482 materies
456 3446 529 3482 snam
554 3432 757 3498 dispositionem
780 3431 814 3482 ab
838 3431 997 3482 auctoritate
1023 3427 1139 3479 hominis
1157 3433 1260 3493 petunt,

163 3507 190 3549 nt
208 3498 240 3549 ab
267 3514 300 3549 eo
324 3498 450 3569 tanq'uam
475 3503 577 3555 artifice
602 3510 681 3570 atque
708 3502 807 3569 opiiice
827 3503 912 3570 figura
936 3509 1016 3568 atque
1045 3500 1129 3551 iormn
1153 3498 1262 3549 indutae

162 3571 280 3646 pelioris
301 3570 347 3622 vel
366 3572 494 3625 deteriori
506 3576 679 3642 scognomina
699 3574 841 3641 accipiant,
864 3582 891 3623 et
908 3574 946 3624 ita
964 3570 1076 3623 vocibus
1096 3570 1168 3619 omni
1187 3568 1262 3618 toni.

163 3649 201 3692 trn
224 3640 383 3695 clarioribus
402 3644 603 3711 dispositionem
623 3645 757 3697 hominum
786 3654 912 3713 tanquam
930 3656 1077 3709 praecones
1096 3640 1261 3707 praedicent.

162 3714 182 3765 si
203 3714 283 3765 etiam
301 3714 349 3765 alii
369 3717 479 3768 eandem
492 3734 570 3785 qnam
588 3732 637 3770 nos
657 3718 852 3785 amplectuntur
872 3716 1041 3777 sententiam,
1060 3728 1105 3764 res
1123 3711 1193 3763 tales
1212 3724 1263 3762 co.

162 3792 310 3851 gnoscent‚
332 3786 485 3857 quicunqne
504 3789 545 3841 ilii
564 3796 641 3843 sont:
661 3791 702 3841 sin
720 3790 823 3857 minus,
850 3795 877 3837 at
896 3785 961 3836 mihi
981 3785 1086 3853 quidem
1104 3799 1182 3853 qnam
1203 3798 1263 3834 ma-

161 3859 229 3909 xime
249 3858 383 3909 exanimi
410 3862 544 3912 sententia
569 3869 644 3924 sunt,
665 3876 733 3930 quoe
761 3859 793 3912 ad
813 3857 942 3911 eiusmodi
964 3872 1053 3908 rerum
1080 3857 1262 3925 cognitionem

161 3930 304 3995 pertinent.
790 3940 801 3959 ⁰

262 4001 339 4065 Quod
364 4016 443 4069 quum
469 4016 520 4070 ego
539 4004 683 4068 dixissem,
709 4004 787 4055 etiem
813 4001 862 4052 ille
885 4002 921 4051 ita
949 4016 1060 4052 exorsus
1080 4008 1129 4051 est.
1165 3999 1263 4061 omnio,

160 4073 256 4141 inquit,¹
272 4072 323 4123 tibi
343 4088 478 4138 enarrare,
498 4076 630 4143 quomodo
651 4076 768 4144 quidque
787 4088 907 4125 meorum
927 4089 988 4125 sese
1002 4072 1135 4134 habuerit,
1155 4070 1266 4121 diiiiciie

160 4153 216 4207 est3
236 4144 359 4196 breviter
387 4153 474 4197 antem
500 4146 615 4213 plurima
646 4146 846 4214 perstringere,
875 4146 901 4196 id
925 4146 1031 4213 quidem
1056 4151 1085 4195 nt
1111 4156 1165 4193 non
1187 4140 1266 4193 valde

161 4231 303 4283 operosum
330 4230 385 4266 non
408 4218 605 4285 abnegaverint.
645 4226 674 4270 tu
694 4218 815 4283 enim,si
834 4217 996 4286 quisalius,
1016 4215 1061 4268 vel
1081 4214 1194 4265 maxime
1214 4212 1266 4262 eois

159 4296 258 4357 quante
278 4302 331 4358 ego
352 4289 432 4342 animi
453 4289 591 4351 voluntate
611 4308 648 4345 en
667 4291 717 4345 hac
736 4306 794 4343 mea
813 4290 901 4375 patria
917 4287 991 4339 abire
1009 4288 1118 4354 longum
1137 4282 1266 4351 qnondam
