3184 5100
320 441 344 514 6
621 432 846 511 nicaenum
880 437 1109 506 Gnouonan

323 611 385 674 νῦν
415 602 660 690 Καλλιστράτου
695 607 818 670 παίδων
854 600 871 666 ό
902 599 1135 686 πρεσβότερος·
1193 592 1425 679 Ἀγαθάγγελος
1501 672 1502 685 ρ

324 701 424 792 ῦνομα
444 709 567 792 τάνδρό.
609 707 717 796 χρόνῳ
738 731 771 790 γε
801 706 864 790 μην
887 698 1022 777 ἓαυτοῦς
1045 700 1251 787 ἀνειληφότες
1271 693 1424 780 ἑκάτεροι,
1501 718 1502 721 ’

323 805 484 893 ἑκατέροις
500 811 561 874 τῶν
584 808 704 873 οἰκείων
726 808 900 889 ἐχρώμεθα
925 800 1125 878 διδασκάλοις
1148 799 1361 922 διηγημάτων,
1382 798 1423 862 τά

322 934 357 975 τε
377 905 458 974 ἄλλα
480 936 533 975 και
558 905 634 984 δσας
656 909 717 973 τεόν
740 906 865 991 α’δὴλων
886 904 1127 986 συμπτωμάτων
1149 927 1183 966 αι
1211 902 1309 982 τῦχαι
1332 919 1426 960 κεκα-

322 1016 434 1094 μόκασι
455 1039 491 1132 τη
514 1036 547 1095 γε
566 1034 622 1075 του
609 1012 714 1074 θεοῦ
734 1007 881 1097 ἔκκλησόρι
903 1029 955 1070 και
977 1002 1046 1087 άμα
1065 1010 1132 1079 τοῖς
1145 1007 1316 1075 πολιτικοις
1337 997 1424 1084 πρόι-
1405 1005 1449 1057 -5

323 1135 423 1197 γμασι
445 1111 502 1188 τάς
524 1113 706 1197 συμφοράς,
726 1111 785 1174 τοῦ
806 1111 885 1173 θεοῦ
909 1102 1185 1190 συγκεχωρηκότος
1209 1099 1261 1166 διά
1284 1125 1342 1184 την
1361 1102 1426 1166 τῶν

326 1212 469 1300 πατρίων
489 1237 542 1296 της
564 1214 727 1330 εῦσεβνεόας
750 1210 917 1293 δογμάτων
937 1209 1098 1292 δθέτησιτ,
1120 1229 1158 1289 ην
1179 1203 1255 1266 ου’δδ
1271 1203 1308 1265 od
1329 1207 1426 1284 λελη-

326 1316 419 1378 otum
442 1315 532 1377 δοκεῖ
549 1335 622 1394 μοι,
645 1309 739 1393 ἔγωγε
761 1309 918 1396 ἔφασκον·
949 1305 995 1372 ἔτι
1017 1305 1078 1391 γάρ
1102 1308 1256 1371 ἐνταυθοῖ
1274 1299 1431 1384 παρεῖναί

261 1411 272 1428 '
324 1435 360 1478 σε
381 1415 555 1498 μέμνημαι
578 1439 631 1478 και
628 1413 772 1478 εἰδέναι
794 1411 1089 1528 σαφῦςΠμλαμῦν
1111 1402 1224 1469 κάοντα
1246 1405 1305 1484 μὲν
1325 1397 1368 1466 ἔτ’
1393 1403 1427 1466 ἔν

323 1515 440 1597 γαστρι
466 1515 637 1598 μοχθηρά,
665 1537 718 1577 και
751 1512 904 1576 ω’δόνοντα
931 1509 970 1576 τά
1001 1513 1055 1591 τῆς
1084 1498 1301 1578 τιολυθεΐσς“
1280 1527 1348 1622 ρμα
1372 1525 1426 1564 και
1439 1516 1469 1569 10

324 1611 439 1688 οἷθεΐας
462 1611 630 1698 δόγματα,
653 1638 721 1679 εστι
744 1615 774 1677 δ
796 1603 834 1674 οῦ
856 1637 907 1675 και
932 1605 1172 1694 ἐξερευγόμενον
1192 1602 1294 1669 ταιτά
1317 1625 1349 1667 τε
1373 1604 1429 1664 κατ’

326 1709 388 1781 δσα
411 1721 477 1791 τοῖς
498 1716 598 1779 πάλαι
624 1714 785 1800 σποράδην
808 1715 863 1778 κατ’
883 1711 961 1776 κατά
995 1707 1173 1827 διαφόρους
1196 1727 1271 1779 τους
1289 1694 1429 1786 χρόνους

326 1813 479 1900 αἱρέσεως
500 1809 631 1900 εῦρηται
665 1816 817 1897 πολυειδη
838 1816 949 1887 κακίας
974 1809 1198 1892 ὑπομνήματα.
1251 1801 1273 1867 ά
1294 1827 1347 1867 και
1368 1825 1430 1882 μι-

323 1913 399 2000 κρόν
421 1909 550 1999 ῦστερον
571 1918 732 2000 γεγέννηκέ
753 1937 787 1980 τε
807 1912 840 1988 ἐς
858 1917 1016 1995 προῦπτον
1036 1912 1091 1973 κατ’
1111 1905 1247 1992 ἔθρεψε,
1268 1924 1427 1986 ματευσο-

323 2017 429 2096 μόνων
450 2020 513 2080 τοῦν
545 2019 716 2102 τηνικαῦτα
747 2017 934 2094 δυναμένων
962 2010 1051 2096 ἄγειν
1070 2011 1125 2073 κατ’
1153 2013 1262 2094 φέρειν
1283 2001 1321 2070 τά
1344 2003 1469 2087 πρό-15

325 2139 440 2200 γμοτα.
484 2116 533 2180 διό
557 2116 613 2180 καί
632 2114 813 2204 καθῄρηται
847 2117 906 2195 μὲν
928 2112 962 2178 τό
984 2116 1065 2195 μέγα
1090 2112 1145 2174 καί
1171 2107 1357 2192 περιβόητον
1373 2111 1430 2172 τὲ-

324 2238 440 2297 μενος,
471 2213 711 2303 συγκαθῄρηται
742 2219 772 2278 δ’
793 2210 861 2296 ἅμα
883 2217 971 2302 adrui
991 2217 1047 2278 κατ’
1075 2210 1109 2277 τό
1133 2214 1220 2274 θεῖον
1243 2212 1343 2273 ἐκεῖνο
1364 2212 1429 2272 θυ.

325 2317 518 2401 σιαστὴριον,
543 2319 601 2380 τοῦ
623 2320 703 2380 θεοῦ
726 2319 970 2400 ζωγραφοῦντος
999 2313 1033 2380 δν
1063 2314 1169 2388 αδτοῖς
1191 2314 1249 2394 την
1269 2308 1366 2393 όργηυ
1390 2305 1430 2392 ἢν

325 2414 378 2480 διά
403 2415 438 2481 τό
461 2419 518 2500 τῆς
533 2419 681 2498 α’σεβειάς
702 2418 818 2501 ταότης
841 2414 934 2496 ἔσχεῦ
956 2417 1118 2495 οἷθέμιτου.
1163 2415 1234 2478 ἔπιτ’
1254 2413 1291 2475 δὲ
1310 2407 1346 2473 τό
1368 2413 1428 2490 μὲν

327 2514 420 2582 καλὸν
443 2527 545 2583 ποιεῖν
575 2523 738 2604 προϊοῦσιν
763 2518 860 2603 α’πῆν,
881 2517 916 2582 τό
947 2519 981 2581 δὲ
1013 2511 1109 2581 κακόν
1139 2514 1266 2579 οἷπεῖναι
1297 2509 1356 2575 οῦκ
1378 2502 1471 2595 ηἰςοο
1503 2565 1504 2568 ,

328 2619 540 2705 δυατρόπεται
561 2626 616 2686 κατ’
636 2629 803 2705 συγχεῖται
823 2622 971 2706 διηνεκοῦς
992 2622 1031 2684 τά
1047 2618 1214 2698 Ῥωμαίων
1239 2614 1322 2700 όρτῦν
1342 2613 1427 2699 πρά-

327 2741 441 2804 γματα,
462 2721 516 2786 καί
536 2718 570 2787 τό
593 2724 757 2804 νενόμενον
778 2725 833 2807 τῆς
856 2725 947 2797 θειάς
969 2719 1064 2805 όργῆς
1085 2718 1141 2783 οῦκ
1164 2714 1297 2801 ἔγνωκεν
1318 2717 1429 2801 α’πρα-
1503 2731 1504 2772 ι

326 3028 445 3081 alienum
462 3026 579 3079 obiiciat.
605 3027 680 3079 alluit
700 3036 788 3080 autem
806 3028 1019 3112 Agathanpelus,
1040 3025 1186 3081 callistrati
1207 3024 1323 3078 filiorum
1344 3028 1428 3079 maior

325 3106 399 3151 natu
437 3114 516 3166 quum
538 3114 603 3151 vero
626 3107 738 3168 uterque
756 3108 877 3166 ternpore
897 3101 1010 3151 animum
1031 3099 1197 3164 recepisset,
1218 3097 1286 3149 alter
1308 3114 1367 3149 eum
1384 3100 1427 3151 al-
1481 3119 1486 3132 ·

326 3178 385 3222 tero
407 3164 469 3221 'suas
489 3170 655 3222 narrationes
676 3172 888 3223 communicabat
905 3186 984 3238 quum
1004 3171 1037 3222 de
1056 3169 1116 3220 aliis
1137 3169 1217 3220 rebus
1238 3176 1293 3219 tum
1313 3172 1428 3222 maxime

327 3242 361 3293 de
380 3240 583 3307 calamitatibus,
607 3258 671 3309 quas
693 3243 800 3293 lortuna
821 3242 1047 3294 incertiscasibus
1069 3242 1114 3292 ‹lei
1137 3240 1271 3292 ecclesiae
1292 3241 1427 3311 rebusque

280 3333 284 3338 ·
326 3310 442 3395 publicis
460 3312 611 3377 inflixisset,
632 3314 683 3365 deo
706 3329 750 3364 eas
770 3314 925 3365 admittente
948 3314 982 3364 ob
1004 3314 1172 3364 eversionem
1190 3313 1337 3377 patriorum
1357 3312 1427 3364 reli.

326 3384 416 3451 gionis
437 3382 597 3466 dogmatum,
618 3400 695 3451 quam
713 3400 747 3435 ne
768 3385 817 3437 tibi
839 3386 1069 3453 quidem‚inquam
1088 3398 1149 3451 ego,
1170 3384 1287 3450 ignotam
1307 3399 1367 3435 esse
1381 3380 1426 3435 ar.

326 3454 420 3507 bitror.
468 3456 574 3505 memini
598 3457 666 3505 enim
694 3463 720 3506 te
742 3464 805 3507 tunc
827 3457 954 3523 temporis
976 3457 1083 3507 alluisse
1106 3463 1133 3505 et
1151 3462 1275 3507 accurate
1293 3454 1426 3507 l'alamanr

327 3526 500 3600 cognovisse,
521 3542 600 3593 quum
621 3542 770 3595 praegnans
782 3528 831 3578 rste
840 3528 920 3579 rebus
939 3527 1101 3578 calamitosis
1113 3526 1235 3595 dogmata
1253 3526 1426 3592 polytbeismi

327 3596 459 3666 simulque
472 3583 592 3649 atheismi
608 3598 760 3664 parturiret,
780 3600 911 3651 interdum
924 3613 990 3650 vero
1006 3599 1084 3649 etiarn
1097 3612 1151 3648 non
1165 3597 1251 3648 solurn
1270 3596 1337 3648 baec
1346 3614 1428 3650 eruc-

326 3678 411 3733 taret,
439 3668 486 3720 sed
509 3670 587 3721 etiam
612 3668 787 3722 multiformes
810 3678 889 3738 atque
909 3670 995 3721 varias
1014 3668 1213 3736 improbitates,
1239 3684 1308 3737 qnae
1328 3672 1428 3735 passim

271 3803 275 3807 .
328 3749 408 3809 atque
429 3740 543 3792 diversis
564 3740 727 3808 temporibus
752 3741 924 3793 areteribus
949 3740 1093 3792 haereticis
1114 3741 1240 3793 iuventae
1265 3748 1347 3808 atque
1368 3758 1428 3793 me.

328 3818 446 3863 moratae
465 3818 534 3861 sunt.
583 3810 653 3864 haud
671 3814 709 3864 ita
730 3812 813 3864 multo
838 3819 900 3879 post
921 3826 952 3863 ea
978 3812 1085 3879 peperit
1104 3819 1184 3880 atque
1205 3814 1233 3863 in
1251 3811 1340 3863 lucem
1361 3828 1428 3880 pro.

328 3883 403 3935 duxit
422 3882 664 3935 obsecundantibus
685 3884 730 3947 iis,
753 3885 798 3951 qui
816 3891 879 3935 tune
897 3898 945 3935 suo
965 3882 1073 3934 arbitrio
1091 3884 1180 3933 omnia
1196 3884 1330 3935 moderari
1346 3893 1429 3951 pote.

328 3962 395 4006 rant.
417 3967 499 4021 quare
518 3968 641 4004 eversum
663 3962 704 4005 est
721 3955 862 4006 maximum
883 3963 963 4022 atque
971 3954 1175 4007 celeberrimum
1193 3955 1330 4022 templum,
1345 3972 1429 4008 ever.

328 4040 386 4077 sum
405 4031 446 4075 est
466 4040 568 4076 sacrum
580 4022 647 4076 illud
665 4024 749 4077 altare
767 4028 818 4077 deo
839 4028 905 4077 iranr
925 4043 999 4078 suam
1014 4024 1123 4079 inhisce
1141 4026 1221 4079 rebus
1239 4026 1430 4093 adumbrante,

329 4111 406 4163 quarn
418 4094 451 4146 ob
472 4095 600 4147 nefariam
621 4096 688 4148 banc
706 4098 869 4164 impietatem
889 4101 1022 4165 concepit.
1042 4113 1122 4165 quum
1143 4105 1231 4148 autem
1249 4100 1282 4150 iis
1305 4100 1431 4166 iampro.

329 4168 442 4218 cedente
463 4174 583 4235 tempore
603 4167 715 4221 honeste
733 4184 815 4237 agere
832 4184 887 4221 non
906 4168 1013 4232 liceret,
1033 4168 1081 4219 sed
1100 4167 1220 4234 improba
1239 4169 1359 4220 facinora
1374 4186 1432 4222 non

331 4246 442 4306 possent
459 4253 513 4289 non
532 4240 621 4303 edere,
644 4239 742 4290 facturn
762 4248 802 4292 est
820 4249 849 4291 ut
871 4249 1000 4307 perpetuo
1023 4254 1066 4291 res
1085 4238 1203 4293 Romana
1221 4241 1382 4307 diriperetur
1405 4251 1433 4293 et

289 4341 295 4349 ·
329 4310 544 4377 conturbaretur,
562 4326 651 4379 neque
673 4326 787 4378 unquam
813 4312 855 4363 dei
880 4315 918 4363 ira
943 4326 1027 4379 usque
1046 4312 1222 4379 progrediens
1239 4307 1387 4379 'quiescere
1403 4315 1431 4364 in
