3184 5100
344 410 419 481 288
516 408 519 418 ’
645 414 869 482 Nrcurnolu
902 412 1132 479 GREGORAE

342 576 597 659 είδοποιηθείσης
628 574 708 657 πρός
731 568 830 659 ἄλλην
851 578 906 637 καί
924 566 1021 658 όλλην
1041 571 1216 656 θρησκείαν
1236 596 1270 637 τε
1291 575 1347 638 καί
1369 572 1449 637 διᾰ-
1512 632 1513 647 ,

343 681 466 754 λεκτον,
502 674 546 750 οός
579 681 767 756 συμβαίνειν
802 678 948 740 ἐντεῦθεν
974 674 1020 757 μη
1050 670 1135 757 παροὶ
1166 678 1263 739 πᾶσιν
1290 674 1448 749 οἱσαότως

342 771 437 855 ἔχειν,
451 772 563 858 αότήν,
583 776 652 839 ἄλλ’
675 770 774 861 όλλην
796 769 878 839 εἶναι
901 777 975 858 παρ’
998 767 1104 848 ἄλλοις
1129 775 1194 855 αἐί,
1213 772 1268 837 καί
1288 771 1370 837 οότω
1384 798 1447 855 με-

340 882 433 954 σίτιν,
453 873 495 949 ὥς
505 874 613 993 ἔφηνὐ
627 876 748 961 ἀμφοῖν
779 880 944 959 γινομένην
971 873 1026 959 τὴν
1059 880 1114 956 τῆς
1141 874 1301 959 ἐνάρθρου
1327 879 1445 957 χρείαν

341 978 458 1058 φωνῆς,
476 998 534 1056 την
556 979 613 1039 τοῦ
635 977 805 1094 οἷκορόντος
828 1003 862 1060 τη
886 978 942 1039 τοῦ
964 978 1105 1057 λέγοντος
1134 970 1307 1039 ουνόπτειν
1329 972 1513 1042 asaal-5

337 1098 405 1192 χρις
426 1078 552 1164 διανοίᾳ
574 1073 652 1140 κατό
674 1074 707 1139 τό
731 1072 920 1157 α’νσὶλογονι
907 1102 1039 1160 εκαστην
1062 1073 1197 1162 έκόστη·
1229 1076 1443 1191 μορφουμένη
1512 1136 1513 1139 ,

337 1172 400 1257 γὰρ
423 1170 505 1259 αότη
538 1201 590 1240 και
615 1176 916 1261 διαπλαττομένη“
901 1178 1023 1299 ρημαοί
1047 1200 1081 1239 τε
1109 1180 1164 1239 καί
1194 1176 1328 1255 ὀνόμασι
1352 1171 1443 1257 λόγος

337 1278 455 1357 γίνεται
476 1274 621 1394 σχήμασι
642 1282 793 1350 ποικίλοις
818 1302 868 1340 και
891 1280 1007 1359 α’ρχαῖς
1029 1302 1079 1341 και
1102 1281 1236 1360 πέρασιν
1262 1275 1379 1358 όριζων
1403 1272 1440 1339 τό
1512 1284 1513 1289 ’

339 1398 394 1457 της
415 1369 493 1491 υλης
524 1374 676 1460 α’όριστόν
700 1401 733 1440 τε
766 1380 823 1441 καί
845 1369 979 1464 όφετον,
1016 1404 1068 1442 και
1098 1371 1184 1443 οότω
1206 1385 1271 1453 τοῖς
1300 1373 1361 1453 ἔξω
1385 1374 1442 1458 τη“ν

340 1470 475 1539 ἔνδον
462 1474 598 1541 εκόστου
629 1474 783 1561 βοόλησιν
817 1480 1032 1561 ἀπαγγέλλων.
1075 1477 1155 1562 πλὴν
1185 1474 1246 1561 οόχ
1268 1502 1311 1551 ως
1328 1475 1487 1559 ετυχενλθ

343 1577 483 1653 οἷτόκτως
514 1583 671 1662 φέρεσθαι
694 1579 749 1641 καί
771 1577 850 1643 κατὰ
880 1578 935 1662 την
965 1576 1106 1643 ἑκάστων
1131 1577 1287 1664 διόφορον
1310 1582 1444 1661 θέλησιν

220 1678 361 1763 λ138ν.ἦ
382 1683 482 1765 σοφία
501 1679 632 1743 κατόπιν
654 1681 832 1763 έληλυθυῖα
853 1678 940 1761 παρὰ
962 1684 1040 1743 θεοῦ
1061 1689 1127 1755 τοῖς
1146 1676 1328 1762 ἀνθρώποις
1349 1678 1443 1762 α’φῆ·

341 1804 404 1859 κεν,
427 1777 509 1843 α’λλόι
524 1772 637 1861 Ινόμοις
661 1780 715 1843 καί
737 1778 866 1843 κανόσιν
880 1782 1034 1858 όπέζευξε
1050 1776 1168 1864 ταότην
1190 1779 1268 1843 καιό
1285 1775 1340 1853 τοὶς
1365 1780 1441 1861 παρ’

340 1876 485 1956 ἑκάστοις
498 1871 675 1965 συνθήκας.
721 1871 765 1945 τόν
787 1886 885 1957 ένιάις
918 1884 1018 1946 ἐνίοτε
1040 1884 1095 1946 καί
1118 1884 1251 1964 ἐνιαχοῦ
1273 1879 1317 1965 μη
1343 1878 1441 1959 μόνον

340 1980 419 2047 καιό
446 1977 618 2066 θρησκείαν
637 1982 695 2058 τός
715 1986 875 2067 σημασίας
896 1984 1004 2047 ἕπεται
1022 1985 1171 2066 διαιρεῖν,
1194 1980 1275 2045 α’λλόι
1288 1982 1343 2045 καί
1365 1984 1441 2044 καθ’
1452 1983 1483 2037 15

338 2079 525 2163 ὁμωνυμίας
546 2087 602 2147 καί
621 2084 856 2165 πολυωνυμίιις.
899 2088 987 2149 δυοῖν
1011 2086 1071 2168 γὰρ
1101 2084 1248 2166 θότερσν;
1273 2074 1292 2164 ἢ
1317 2082 1441 2167 διαφό-

339 2206 407 2265 ροις
429 2181 562 2263 όνόμασι
580 2183 619 2248 τό
642 2184 724 2247 αότὰ
748 2192 814 2259 τοῖς
831 2187 869 2270 τῇ
890 2189 971 2273 αὐτῇ
995 2189 1147 2272 διαλέκτῳ
1163 2188 1338 2268 χρωμένοις
1358 2195 1439 2265 ’γνω-

340 2286 481 2368 ρίζονται
504 2285 685 2367 πράγματα,
709 2278 729 2367 ἢ
750 2288 810 2371 μιᾷ
832 2285 1024 2376 προσηγορίᾳ
1047 2285 1085 2350 τό
1105 2282 1246 2371 διάφορα
1260 2286 1320 2349 τιόν
1335 2308 1440 2366 πραγ-

273 2399 326 2453 ἓῦ
339 2386 457 2466 μα’των,
479 2378 501 2466 ἢ
520 2384 638 2448 τούτων
658 2389 716 2464 μέν
738 2386 917 2466 ου’δετέροις
937 2386 1030 2471 ἓτερό
1046 2411 1080 2469 γε
1102 2386 1167 2468 μὴν
1187 2380 1317 2469 ἑτέροις.
1362 2384 1439 2447 τοό-

337 2511 400 2551 των
422 2488 452 2547 δ’
473 2478 573 2560 οότως
596 2483 735 2566 έχόντων
757 2489 812 2552 καί
831 2484 949 2552 οὑτωσί
968 2491 1270 2574 προδιαληφθέντων
1285 2486 1481 2549 dionisium

340 2582 380 2650 όν
400 2585 451 2670 εἴη
483 2585 539 2668 τὴν
560 2589 700 2667 γλῶτταν
730 2588 804 2671 ἡμῖν
835 2592 880 2664 εἰς
901 2590 936 2654 τό
969 2591 1119 2674 πρότερον
1138 2589 1224 2674 ἴχνος
1253 2586 1437 2672 τοῦλόγου.

338 2686 372 2754 τό
395 2689 432 2751 δέ
452 2689 521 2752 ἐστι
550 2689 654 2766 δεῖξαι
687 2689 743 2774 την
773 2693 836 2754 τῶν
864 2693 988 2754 πολλῶν
1016 2693 1141 2755 ἐκείνων
1170 2686 1332 2772 όνομότων
1355 2687 1437 2770 όμό-

339 2787 428 2856 νοιόν
448 2811 481 2854 τε
511 2790 566 2853 καί
584 2792 776 2876 συμφωνίαν
806 2794 861 2856 καί
881 2789 961 2876 πρός
991 2790 1025 2856 τό
1054 2791 1171 2877 κυρίως
1194 2788 1228 2856 ἓν
1256 2787 1436 2876 α’ναφορόν,
1512 2815 1513 2830 ³

339 3102 372 3155 ad
390 3098 591 3156 similitudinem
616 3100 808 3169 cogitatorum,
833 3103 1025 3155 accommodari
1049 3109 1136 3154 autem
1162 3101 1261 3166 rebus,
1292 3101 1363 3168 quod
1382 3095 1434 3151 alio

338 3174 415 3226 nullo
434 3174 512 3224 ruodo
532 3172 638 3225 lucilius
659 3182 699 3224 est
713 3175 820 3226 animali
839 3176 943 3226 ratione
959 3175 1082 3258 praedito
1097 3189 1174 3241 quam
1196 3187 1264 3226 voce
1284 3167 1452 3234 articulata‚‘

339 3262 408 3314 quae
427 3245 539 3296 formata
558 3253 599 3295 est
609 3260 786 3297 consensione
804 3246 964 3296 hominum
957 3248 1157 3314 ingeniosorum
1169 3244 1434 3310 adaliamalismque
1512 3245 1513 3250 ’

338 3316 555 3385 superstitionem
570 3324 597 3366 et
607 3315 758 3381 dialectum,
778 3326 807 3367 ιιι
818 3318 880 3367 inde
898 3317 1074 3385 intelligatur,
1094 3331 1148 3367 non
1166 3317 1235 3384 apud
1255 3331 1346 3366 omnes
1366 3330 1433 3365 ean-

341 3392 399 3442 dem
420 3405 479 3440 csse
499 3403 566 3450 eam,
583 3380 722 3438 sedaliam
741 3389 811 3454 apud
831 3387 1026 3470 aliossemper‚
1046 3390 1136 3456 itaque
1156 3405 1215 3438 cum
1235 3394 1385 3453 componat,
1404 3392 1433 3434 ut

340 3462 387 3524 ait,
405 3460 491 3522 ambo,
512 3473 600 3510 usum·
606 3458 762 3509 articulatae
782 3460 857 3511 vocis
876 3461 1013 3510 notionem
1037 3457 1170 3512 audientis
1192 3468 1316 3512 accurate
1341 3466 1432 3524 aptare

340 3533 485 3584 secundum
509 3529 707 3581 similitudinem
732 3531 836 3580 notioni
864 3529 998 3598 loquentis
1022 3545 1126 3581 omnem
1154 3533 1241 3596 omni,
1268 3531 1334 3580 haec
1362 3529 1432 3578 enim

340 3605 451 3654 formata
471 3610 498 3652 et
518 3616 643 3666 expressa
669 3600 759 3652 verbis
785 3609 812 3651 et
832 3603 982 3654 nominibus
1011 3603 1096 3652 oratio
1116 3601 1161 3666 lit,
1181 3619 1249 3670 quae
1271 3601 1362 3652 formis
1382 3614 1432 3650 vu-

339 3675 387 3725 riis
407 3681 434 3724 et
448 3675 532 3724 initiis
558 3680 585 3723 et
600 3671 696 3723 linibus
715 3673 824 3723 deliniat
842 3675 977 3724 materiam
998 3673 1161 3724 indefinitam
1187 3681 1213 3724 et
1232 3672 1387 3724 dissolutam
1407 3677 1433 3720 et

340 3747 377 3796 ita
393 3747 513 3796 externis
533 3745 663 3794 internum
683 3745 812 3812 cuiusque
832 3743 996 3796 voluntatem
1023 3746 1163 3807 enunciet,
1184 3752 1272 3796 tamen
1292 3757 1349 3794 eam
1369 3756 1432 3792 casu

341 3824 367 3866 et
385 3816 443 3865 sine
462 3817 554 3866 ordine
579 3817 643 3866 lerri
672 3823 698 3865 et
718 3817 862 3866 secundum
889 3818 1018 3884 cuiusque
1044 3817 1175 3866 diversam
1201 3817 1367 3867 voluntatem
1387 3827 1431 3864 sa-

313 3885 440 3952 'pientia
458 3894 551 3951 postea
581 3887 665 3936 adeo
685 3902 814 3955 aggressa
839 3887 989 3938 homiuibus
1007 3901 1060 3938 non
1087 3889 1235 3952 concessit,
1260 3888 1307 3938 sed
1325 3883 1431 3952 legibus

339 3965 367 4007 et
384 3956 486 4023 regulis
505 3957 641 4008 subiunxit
660 3973 717 4007 eam
736 3959 881 4010 secundum
900 3975 944 4010 eus
956 3974 1024 4026 quae
1043 3960 1111 4026 apud
1130 3974 1251 4028 quosque
1271 3965 1346 4010 orant
1365 3969 1431 4006 cou-

290 4032 291 4035 ’
338 4029 496 4090 sensiones,
516 4043 624 4095 quarum
642 4022 781 4080 nonnullis
800 4031 930 4080 interdum
949 4045 1004 4080 non
1033 4030 1119 4081 solum
1137 4031 1280 4086 secundum
1299 4027 1432 4094 supersti-

338 4100 438 4150 tionem
458 4099 670 4165 significationes
688 4102 809 4167 sequitur
827 4109 856 4152 ut
874 4103 1028 4165 tribuamus,
1049 4102 1096 4152 sed
1116 4103 1192 4154 etiam
1212 4101 1356 4153 secuudum
1379 4112 1432 4148 no-

338 4172 410 4222 mina
429 4171 519 4220 eadem
539 4177 566 4220 et
583 4170 674 4220 multa.
711 4173 868 4223 alterutrum
890 4175 980 4236 enim,
1001 4180 1045 4224 aut
1063 4173 1176 4226 diversis
1195 4172 1346 4225 nominibus
1366 4184 1432 4220 eae-

339 4243 398 4294 dem
418 4257 461 4292 res
480 4241 513 4291 ab
532 4242 565 4291 iis
584 4242 631 4308 qui
644 4242 736 4292 eadem
755 4244 871 4294 dialecto
886 4252 995 4295 utuntur
1015 4244 1193 4310 declarantur,
1211 4253 1257 4296 aut
1274 4259 1327 4296 una
1345 4241 1431 4308 signi-

335 4313 464 4370 ficatione
483 4312 606 4369 diversae
633 4327 676 4366 res
694 4315 850 4368 authorum
870 4317 973 4370 neutris
1002 4315 1068 4388 [alis
1096 4320 1218 4370 nimirum
1239 4316 1325 4387 aliisJ.
1363 4327 1432 4388 quas
