3184 5100
223 402 231 435 ‘
264 410 484 479 arsrouma
502 408 760 479 orzlurmlr,
776 413 911 478 xxxvr.
936 398 1120 481 att-te.
1187 408 1267 487 ’σου
1322 487 1329 497 ,

162 571 310 657 ἐπισήμῳ
345 572 400 636 καὶ
423 572 543 658 ἀρχικῇ
565 573 706 661 σημαίρ,
747 572 847 657 μέχρι
877 572 998 648 πύλέως
1018 597 1052 638 τε
1083 575 1140 641 καί
1160 550 1267 653 ἐσάιάς

162 675 228 737 τῶν
250 674 283 736 ἐν
303 673 447 761 Βιθονύρι
473 673 691 758 περιβλέπτων
707 697 740 737 τε
762 676 819 737 καί
839 673 975 751 ἐνδύξων
994 677 1088 756 μιάς·
1143 678 1266 744 Νίκαια

163 772 301 857 ταοτὴσδ
328 772 363 838 τὸ
397 773 579 857 ἐπώνυμον·
633 774 713 839 ἔνθα
737 773 774 859 δὴ
804 775 917 851 πάντες
938 776 1098 861 συνῄεσαν
1117 778 1265 855 Βιθυνού,

164 870 239 937 ὅσοι
261 876 379 947 τετῶν
394 862 576 959 ’βαρβάρων
599 874 654 940 καί
676 872 851 961 ὁμοφύλων
875 874 963 961 αύτῷ
974 923 984 951 ,
1006 876 1061 939 κατ’
1083 872 1154 941 ὅσοι
1174 882 1266 959 μιξο-

132 974 337 1059 5βάρβαροι,
358 976 414 1039 καὶ
435 976 516 1061 πρός
528 998 563 1059 γε
578 972 673 1050 ὅσους
695 979 757 1041 τῶν
774 975 948 1062 ὁμοφύλων
969 971 1061 1051 ὄντας
1082 975 1159 1060 ἡμῖν
1180 975 1268 1055 ὅπως

165 1074 242 1138 ποτὲ
264 1082 329 1151 τοῖς
350 1062 530 1161 βαρβάροις
551 1074 572 1159 ἦ
605 1076 683 1160 τύχη
721 1078 881 1141 δουλεύειν
901 1076 1070 1162 ἠνάγκασε,
1095 1080 1184 1165 δῶρα
1208 1079 1271 1165 φέ-,

166 1198 272 1260 ροντες
293 1178 491 1254 παντοδαπά,
514 1178 663 1262 πρόβατα
680 1178 735 1243 καί
753 1176 834 1259 βόας
855 1178 911 1241 καί
931 1176 1118 1245 ἐπιτιλακαί
1136 1168 1267 1243 τοιαῦτα

165 1271 243 1339 ἀττα
267 1275 438 1358 πάμπολλά
456 1300 489 1341 τε
524 1278 579 1341 καὶ
611 1280 774 1361 πολυειδῆ.
826 1277 948 1362 ἀλύγαις
981 1280 1010 1341 δ’
1032 1276 1165 1365 ὅστερον
1186 1277 1266 1362 ἦμέ·

166 1401 239 1461 ραις
260 1374 288 1441 οἱ
312 1378 557 1463 προπέμψαντες
576 1380 731 1463 ἐπανῆκον
752 1379 925 1461 Βυζάντιοι
943 1384 1019 1463 μεθ
1044 1370 1088 1445 ὧν
1108 1383 1268 1467 προσῆκεν

115 1493 154 1547 10
165 1479 288 1541 ἐκεῖθεν
307 1480 452 1564 χαρίτων
473 1481 529 1545 καὶ
552 1481 674 1567 δούρων.

267 1580 337 1645 Καὶ
355 1584 456 1646 ταῦτα
475 1583 533 1665 μὲν
563 1584 672 1648 τοῦτον
705 1581 780 1664 ἐσχε
812 1582 866 1648 τδν
886 1584 1092 1670 τρόπονκαὶ
1110 1583 1146 1649 τὰ
1169 1584 1267 1670 θέρος
1277 1611 1334 1661 1⁰

165 1683 199 1746 ἐν
219 1681 341 1757 τούτοις
362 1683 514 1762 ἐτελεύτα,
534 1684 630 1771 ξηρὸν
651 1687 683 1760 ἐς
700 1686 851 1749 τοσούτου
870 1686 1037 1770 γενόμενον
1057 1686 1113 1749 καί
1134 1684 1265 1767 αὐχμοῖ-

167 1784 219 1857 δες
244 1782 299 1846 καὶ
322 1784 522 1849 παντάπασιν
547 1782 678 1868 ἀνικμον
700 1782 742 1861 οἷς
763 1786 819 1849 καὶ
843 1785 1052 1871 ἀπογνώσεως
1073 1781 1136 1871 ἤδη
1158 1800 1265 1869 παραι

166 1881 306 1961 σχέσθαι
333 1890 399 1959 τοῖς
436 1884 669 1971 ἀμπελουρχοϊς
698 1882 868 1975 ύπονοιάς·
924 1884 1059 1951 ἐσεσθαι
1083 1884 1145 1970 γὰρ
1177 1882 1264 1949 οἴνου

115 1984 292 2067 15μακράν
311 2009 381 2051 τινα
403 1986 517 2053 σπάνιν
537 1986 593 2050 καί
615 1986 756 2073 ἀφοριάν
778 1982 885 2074 ᾤοντο.
909 1987 944 2051 τὸ
968 1989 997 2050 δ’
1019 1988 1051 2062 ἐς
1073 1989 1137 2050 πᾶν
1163 1983 1265 2068 ἀπέβη

164 2082 421 2169 τούναντιόνχοὸς
445 2086 726 2172 ἀνωμολογημένον
741 2085 846 2153 ὅπασι
866 2090 1057 2173 γεγενῆσθαι
1076 2087 1189 2169 θαῦμα
1212 2085 1266 2149 ἐστ’

164 2185 308 2267 θαύματι
328 2189 420 2253 τούτο
451 2186 541 2273 παρά
573 2190 629 2253 τού
665 2187 848 2275 κρείττονος.
899 2190 1025 2274 πρῶτον
1050 2188 1110 2271 μὲν
1143 2183 1204 2271 γάρ
1226 2179 1266 2268 ἦν
1314 2246 1319 2253 .

166 2286 265 2349 ἐκεῖνο
288 2290 401 2369 θαῦμα
423 2292 511 2353 θεῖον
542 2289 598 2354 καί
617 2288 783 2374 μέγιστον,
807 2291 841 2354 ἐν
862 2296 986 2374 καιροῖς
1015 2289 1187 2364 τοιούτοις,
1215 2281 1266 2349 ὅτε

164 2382 199 2449 τὸ
225 2384 437 2467 ἀκμαιότατον
458 2390 514 2471 τῆς
533 2390 736 2474 βαρβαρικῆς
767 2389 877 2469 ἰσχύος
899 2386 955 2473 τὴν
972 2373 1141 2471 Ῥωμαίων
1164 2386 1265 2448 πάλαι

113 2485 265 2560 conctis
285 2508 355 2549 τινα
373 2488 491 2575 χρόνον
510 2488 757 2574 ἐπιβοσκύμενον
778 2492 845 2574 γῆν,
866 2490 985 2575 μικροῦ
1005 2488 1061 2552 καί
1085 2483 1263 2562 αάτάςΒυ-

167 2587 299 2667 ζαντι’ων
321 2588 377 2666 τὰς
389 2591 490 2668 πύλας
510 2591 710 2675 ἐγκέκλεικεν,
736 2589 778 2666 ὦς
801 2590 946 2675 ἀοίκητον
968 2583 1125 2654 εἶναικαὶ
1147 2584 1264 2669 ἄβατον

164 2689 300 2773 ἐρημιάν
321 2689 362 2754 τὰ
377 2689 437 2769 ἐξω
453 2694 563 2757 πυλῶν
580 2690 713 2770 ἅπαντα,
733 2691 840 2766 ἔπειτα
861 2693 966 2757 νεύσει
987 2693 1066 2756 θεοῦ
1084 2686 1265 2775 παράδοξόν

162 2793 310 2858 τινακαὶ
332 2793 569 2880 ἀπροσδόκητον
592 2796 742 2881 ἐξαίφνης
767 2797 802 2859 ἐκ
824 2798 880 2879 τῆς
899 2798 956 2859 τού
983 2791 1100 2868 παιδδς
1115 2789 1265 2877 Ὑρκανοῦ

163 2892 386 2974 κατασχέσεως
404 2892 578 2979 Ῥωμαίοις
601 2897 789 2984 ἐλευθερίαν
812 2894 973 2982 γενέσθαι,
1003 2892 1047 2971 ὦς
1070 2895 1151 2958 πᾶσι
1168 2891 1263 2973 βάσι-

165 3183 191 3230 et
211 3177 301 3231 iocum
320 3192 354 3230 ex
372 3177 516 3244 Bithyniae
535 3178 718 3232 celeberrimis
738 3187 765 3231 et
782 3177 934 3232 illustribus
951 3177 1066 3245 cpptrts.
1103 3175 1147 3228 cui
1165 3186 1263 3227 nomer

166 3257 206 3302 est
227 3249 336 3303 Nicaea.
357 3248 409 3300 huc
428 3265 520 3302 omnes
532 3249 652 3317 Bithynii
673 3251 826 3319 quicunque
844 3251 949 3302 barbari
969 3257 996 3300 et
1013 3245 1121 3300 incolae
1144 3255 1171 3297 et
1187 3246 1264 3298 mixti

163 3335 221 3372 cum
244 3319 364 3374 barbaris
385 3321 592 3386 conveniebant,
613 3330 640 3372 et
652 3331 803 3388 praeterea,
823 3335 889 3390 quos
908 3319 1056 3373 incolarum
1074 3325 1182 3383 mustros
1198 3317 1264 3368 olim

161 3392 279 3444 barbaris
299 3393 403 3445 servire
422 3392 527 3446 fortuna
548 3401 690 3461 coeperat,
713 3394 780 3445 dona
799 3394 946 3445 attuleruut
963 3392 1053 3457 varia,
1073 3404 1143 3458 agno
1163 3396 1191 3440 et
1208 3388 1260 3439 ba.

163 3477 210 3514 ves
226 3472 255 3515 et
271 3463 488 3531 suppellectilem
508 3474 535 3517 et
555 3466 684 3517 eiusmodi
705 3465 788 3516 multa
808 3474 835 3517 et
852 3465 936 3517 saria.
972 3465 1064 3531 paucis
1084 3460 1178 3513 diebus
1198 3467 1259 3526 post

161 3535 283 3601 Byzantii
302 3537 406 3588 reversi
426 3543 487 3588 suut
506 3553 564 3588 cum
583 3536 678 3604 qulbus
699 3537 809 3589 miserat
827 3537 921 3604 gratiis
939 3543 967 3586 et
985 3536 1073 3587 domis.

261 3621 333 3673 llaec
353 3639 411 3674 eum
440 3623 518 3675 linem
538 3623 695 3676 habuerunt.
734 3632 761 3674 et
788 3633 875 3676 aestas
895 3623 937 3676 his
955 3623 1035 3675 rebus
1062 3622 1185 3672 conlecta
1211 3625 1261 3683 cst,

163 3709 230 3764 quae
249 3693 354 3761 quidem
373 3693 564 3761 pulverulenta
582 3697 649 3746 a'deo
676 3703 703 3747 et
721 3695 848 3762 squalosa
876 3704 903 3747 et
921 3696 1029 3746 omuino
1047 3701 1173 3745 aestuosa
1195 3697 1261 3754 crat,
1333 3739 1340 3751 f

161 3773 191 3816 ut
209 3765 358 3817 vitiatorum
379 3781 440 3832 spes
459 3767 487 3816 iu
506 3767 721 3833 desperationem
742 3769 858 3820 venerit.
904 3781 963 3817 nam
983 3765 1040 3818 vini
1059 3779 1180 3832 maguam
1198 3763 1262 3814 ino.

78 3887 79 3896 ,
161 3837 231 3903 piam
252 3844 278 3888 et
295 3836 463 3888 sterilitatem
484 3837 598 3890 futuram
626 3839 795 3904 iudicabant,
816 3838 887 3906 quod
906 3837 986 3904 plane
1005 3836 1084 3888 aliter
1103 3837 1202 3887 lactum
1221 3840 1263 3885 est

161 3908 276 3960 omnium
296 3921 439 3960 consensu.
474 3909 629 3960 miraculum
648 3919 768 3962 secutum
788 3919 829 3961 est
852 3909 1008 3960 miraculum
1032 3903 1154 3959 melioris
1172 3905 1261 3957 tortu-

102 3993 108 4004 '
161 3995 221 4031 nae.
258 3979 370 4046 primum
403 3981 471 4032 enim
491 3981 612 4035 divinum
636 3981 790 4033 miraculum
821 3989 848 4032 et
865 3974 992 4031 summum
1022 3979 1073 4031 luit
1092 3977 1169 4042 illud,
1189 3976 1261 4045 quud

163 4051 290 4102 eiusmodi
311 4052 485 4116 temporibus,
504 4052 549 4102 ubi
569 4067 696 4104 summum
709 4053 880 4104 barbarorum
900 4052 981 4103 robur
1001 4066 1049 4118 per
1067 4049 1178 4117 longum
1190 4056 1260 4100 tem-

160 4135 209 4189 pus
229 4121 407 4174 Romanorum
428 4123 490 4174 olim
516 4124 663 4190 depascens
694 4124 832 4192 paulisper
861 4125 933 4190 ipsas
951 4121 1140 4189 Byzantiorum
1169 4129 1260 4188 portas

161 4191 321 4247 occluserat.
365 4194 403 4245 ita
430 4195 531 4246 inculta
559 4204 586 4247 ot
617 4196 691 4248 iuria
719 4197 825 4252 deserta
851 4203 926 4247 eraut
955 4195 1042 4246 omnia
1068 4200 1143 4245 extra
1170 4199 1261 4258 portas

160 4266 228 4321 loca.
267 4266 383 4334 denique
401 4266 445 4318 dei
471 4275 536 4320 nutu
563 4267 701 4336 inopinata
729 4283 760 4320 ac
786 4268 927 4335 repentina
950 4282 983 4318 ex
1001 4265 1118 4332 llyrcaui
1144 4263 1195 4315 lilii
1213 4277 1261 4313 cu.

159 4341 283 4414 ptiritsta
301 4337 426 4395 liomuuis
445 4339 556 4396 libertas
573 4340 644 4398 fautu
665 4347 720 4412 est,
747 4349 777 4396 ut
803 4339 925 4396 omuibus
950 4335 1118 4396 accessibilis
1138 4343 1167 4390 et
1186 4333 1261 4390 cuttu
