3184 5100
322 609 476 685 πλοῦτος,
509 599 703 682 καθόποξ“
682 630 765 679 οπας
787 604 968 687 συλλήβδην
999 603 1098 667 εἰπεῖν
1131 598 1290 681 οἶγοόμιμος
1311 598 1426 682 σφέσιν

323 711 428 773 εἵπετο
448 706 502 771 καὶ
524 702 631 788 ου’τός,
653 704 883 789 Παλαιολόγον
906 728 959 768 rou
948 704 1139 785 βασιλέως
1172 697 1316 773 ἐνδόντος
1339 699 1478 763 ut’dot

323 810 380 873 τοῦ
401 806 525 890 κη’δοος.

258 923 312 975 ⁸1
422 907 516 975 Ἀλλό
549 906 710 973 λεκτέον
692 915 768 990 ημῖν
798 909 830 971 ἐν
848 911 969 990 βραχεῖ
982 930 1034 969 κοι
1066 899 1125 969 όσα
1147 903 1317 986 τηνικαῦτα
1339 897 1428 979 σομ-

205 988 363 1044 ''¹²⁵''
324 1014 468 1074 πέπτωκε
489 1006 673 1096 πατριόρχη
693 1011 838 1095 Φιλοδέηι
860 1011 902 1095 aql
927 1006 1157 1093 ἐπικεκλημόνηι
1179 1005 1339 1171 Κοκκόνιρ·
1362 1000 1452 1083 χρηο

231 1122 238 1136 s
323 1108 384 1195 μόρ
403 1113 544 1175 ἐνταῦθα
564 1107 680 1189 μικρόν
702 1105 925 1187 ἀναδραμόντα
947 1132 988 1194 τρι
975 1103 1083 1194 λόγῳ
1107 1096 1266 1183 δεῖξαιῖ
1231 1128 1278 1179 ος
1300 1102 1428 1166 α’κοόειν
1520 1130 1521 1161 ;

325 1211 434 1297 ἔφεσις
456 1210 508 1274 οἵα
542 1235 593 1273 και
623 1206 722 1296 τοότρι
754 1208 910 1272 uadoer'
895 1234 929 1273 εκ
952 1209 1010 1271 τοῦ
1033 1204 1150 1290 σχεδόν
1175 1208 1327 1289 ἐνέσκηψε
1350 1228 1429 1267 παι-

322 433 398 513 244
631 411 855 511 nicaenum
889 438 1120 507 cuuuouaa

1520 610 1521 667 l

1520 670 1521 789 l

326 1317 394 1378 der'or
422 1312 514 1429 πρός
526 1309 666 1393 ἔλεγχον
693 1314 751 1391 τῆς
780 1310 915 1393 α’καέροο
949 1334 999 1373 και
1033 1309 1199 1429 σφαλερός
1222 1302 1427 1425 καυχήσεως.

326 1410 402 1494 ἔσχε
425 1411 485 1494 γὰρ
510 1405 638 1475 οδτοοσέ.
683 1412 804 1529 ἐγένετρ
826 1407 905 1474 κατὰ
928 1408 985 1492 την
1007 1406 1104 1493 μονῆν
1136 1399 1236 1491 ἢτοῦ
1260 1408 1430 1489 Κραταιοῦ
1520 1436 1521 1439 “

327 1516 539 1596 ἐπικέκληται,
561 1507 742 1602 ler'qruaoa‘
731 1507 819 1595 ιερόν
840 1536 874 1575 εκ
886 1514 1028 1595 κεφαλης
1044 1504 1123 1595 ἄχρι
1145 1510 1251 1573 ποδων
1273 1508 1474 1580 α’νενδεῶςιο

327 1616 391 1703 τῶν
413 1608 560 1693 μελαν
542 1612 687 1677 οπόντων
713 1609 787 1693 ἔχον
809 1606 967 1694 εδρηοθπι
995 1608 1075 1694 πρός
1102 1614 1164 1675 τεόν
1184 1612 1253 1674 ἐκει
1268 1608 1431 1689 μσναζον-

328 1713 706 1797 commeantiumque
729 1704 768 1775 οδ
791 1736 842 1775 και
839 1710 960 1807 πολλή
984 1735 1031 1786 τις
1063 1704 1195 1835 ἤκμασει
1206 1713 1284 1784 τέως
1305 1702 1431 1790 δπόλη-
1520 1766 1521 1775 ,

329 1832 386 1897 ψις
408 1825 473 1891 τοῖς
495 1821 632 1895 πολλοῖς,
653 1812 810 1896 Ἀνδρέου
832 1816 887 1879 τοῦ
910 1810 1041 1897 Κρήτης
1063 1805 1155 1893 ειναι,
1177 1808 1212 1886 δς
1232 1810 1290 1873 oria
1313 1808 1431 1892 ἐλέγοις

331 1913 388 2000 τὴν
411 1918 612 2014 ἐκκλησιλκν’
596 1913 769 2000 εκόσμηοεν
793 1913 891 1997 ιεροῖς
909 1918 1031 1993 μέλεσι.
1087 1919 1179 1979 τοῦτο
1201 1910 1262 1995 yolo
1285 1906 1432 1995 κατοραό-
1520 1938 1521 1971 ι

330 2043 441 2102 ρυκτοι
462 2020 521 2097 μὲν
543 2019 584 2103 τῷ
608 2013 722 2101 ἐδάφει
743 2016 799 2080 rod
819 2012 953 2079 θεῶν’
940 2016 1059 2079 εκεένσν
1080 2010 1158 2094 νειό,
1179 2006 1216 2097 ἦν
1241 2014 1270 2075 δ’
1291 2011 1433 2096 αφανεια
1444 2024 1476 2077 15

332 2120 608 2198 κεκαλυμμένον’
592 2143 626 2181 εκ
649 2114 813 2181 παλαιοῦ
812 2140 864 2179 και
859 2115 996 2181 ον’δενέ
1012 2142 1061 2179 rrae
1089 2111 1248 2199 γνεόριμον
1278 2105 1356 2231 όχρι
1372 2114 1433 2228 1τῆς

201 2252 204 2256 ¹
266 2220 395 2289 utun
419 2222 474 2282 νῦν
493 2222 649 2341 χρονικῶν
670 2216 828 2300 περιόδων
851 2218 983 2299 ἦλικιόι.ς
1009 2210 1137 2301 ἄραδ’
1159 2214 1216 2303 οὐκ
1239 2207 1336 2277 or'd’t
1320 2207 1435 2276 οπότε-

333 2342 389 2403 ρον
410 2320 455 2393 εις
471 2319 653 2402 τούμφανὲς
674 2315 852 2415 ἐληλύθει,
856 2315 903 2381 εἴτ
906 2320 992 2394 'dl'
978 2316 1143 2392 επιπνοόας
1159 2314 1243 2389 τινός
1257 2301 1457 2393 θειοτέρας,

247 2470 252 2493 ,
334 2419 395 2485 εἴτε
417 2417 500 2492 τινός
521 2424 633 2541 χρειόις
657 2416 809 2502 ἐνστάσης
833 2416 977 2498 όρόιτειν
1000 2419 1112 2500 ἐκεῖσε,
1136 2414 1192 2481 ει’τ’
1216 2418 1274 2479 oda
1297 2405 1397 2479 oio’“
1381 2436 1436 2477 ον-

332 2545 401 2585 τινα
420 2516 536 2602 τρόπον
548 2516 670 2639 ἕτερον.
716 2520 755 2582 ον’
772 2518 835 2604 γόρ
859 2511 972 2602 όψεσιν
1001 2519 1115 2595 ον’τοῖς
1135 2542 1189 2600 μοι
1209 2518 1360 2639 τετύχηκε
1382 2538 1436 2600 με·
1444 2528 1521 2608 20

334 2626 454 2708 νομένρι
476 2619 558 2684 κατὰ
589 2619 643 2685 τόν
673 2620 769 2686 τόπον
788 2619 983 2703 θεάσασθαι,
1006 2621 1064 2686 τοό
1092 2623 1262 2706 τηνικαῦτα
1277 2617 1436 2703 διωγμοῦ
1520 2623 1521 2714 η

235 2733 241 2740 “
286 2800 290 2806 Α
335 2724 391 2786 καί
413 2724 468 2786 τοῦ
487 2722 542 2805 τῆς
566 2724 732 2805 ἐκκλησίας
751 2725 908 2804 χειμῶνος
935 2719 1105 2788 ἐκείνου
1069 2746 1126 2797 τας
1149 2720 1229 2805 ἐμός
1253 2719 1435 2805 ἐγκλείσαν-

334 2845 387 2898 τος
407 2815 523 2908 δδρος,
543 2821 586 2898 ὥς
607 2825 683 2908 μηδ’
703 2824 757 2887 ἐπέ
775 2819 884 2906 βραχδ
900 2825 978 2906 γοῦν
990 2824 1035 2898 εἰς
1057 2815 1227 2908 ἐλεύθερον
1244 2822 1437 2907 προκόπτειν
1520 2879 1521 2892 ,

339 3127 367 3178 in
385 3127 463 3196 regio
491 3125 590 3179 horreo
612 3125 746 3179 collectae
777 3134 853 3179 crant
878 3127 989 3180 divitiae
1015 3141 1107 3182 omncs
1138 3128 1245 3180 omuino
1270 3123 1437 3196 cunctaeque

341 3213 389 3252 eoa
408 3197 503 3252 lacilca
518 3206 625 3266 portatu
643 3198 823 3268 sequebantur
843 3206 870 3250 et
888 3199 972 3268 iprae.

439 3294 490 3348 Sed
510 3294 631 3346 breviter
648 3295 760 3348 dicenda
779 3303 850 3360 aunt,
870 3311 939 3362 quaa
958 3297 1129 3363 contigerunt
1149 3311 1181 3348 eo
1199 3304 1319 3363 tempore
1342 3293 1438 3347 Philo.

339 3367 404 3418 theo
423 3366 602 3433 patriarchae,
621 3368 665 3417 cni
683 3368 805 3418 coccinei
825 3381 973 3435 cognomen
994 3375 1058 3420 erat.
1082 3375 1123 3418 est
1140 3375 1228 3418 autem
1248 3367 1333 3418 oratio
1356 3365 1438 3433 paulo

339 3439 419 3490 altius
442 3438 587 3504 repetenda
601 3438 644 3501 iia,
664 3437 759 3506 quibua
773 3437 898 3490 audiendi
916 3439 1077 3490 desiderium
1092 3447 1141 3502 cat,
1164 3455 1232 3507 quac
1243 3439 1374 3490 institutio
1394 3437 1439 3488 di.

246 3508 253 3518 ‘
339 3513 404 3562 vina
422 3525 486 3560 casu
510 3511 539 3560 ia
559 3525 617 3560 eum
642 3509 751 3563 irruerit
775 3509 807 3560 ad
835 3509 1044 3562 dedecorandam
1070 3511 1185 3576 ineptam
1213 3509 1439 3576 vacilluutcmque

341 3581 581 3634 ostentationem..
605 3596 649 3632 rea
676 3589 732 3632 erat
752 3581 833 3636 hacc:
861 3581 958 3632 accidit
983 3583 1011 3632 in
1028 3583 1210 3647 monasterio,
1241 3581 1310 3650 quod
1333 3579 1440 3634 Cretaei
1520 3597 1521 3650 j

341 3654 447 3716 dicitur,
467 3661 496 3704 ut
514 3667 618 3703 aacruru
637 3653 811 3719 fragmentum
831 3667 846 3704 a
866 3653 953 3718 cupite
972 3668 1057 3720 usqua
1085 3653 1117 3704 ad
1135 3653 1218 3721 peden
1237 3653 1340 3720 copiam
1359 3651 1440 3702 cairi.

340 3724 407 3776 bena
425 3725 589 3775 canticorum
609 3725 724 3774 omnium
736 3723 903 3776 inveniretur
922 3739 938 3774 u
956 3723 1123 3789 mulieribus,
1141 3740 1211 3792 quac
1228 3724 1265 3776 ibi
1287 3729 1362 3775 eraut
1380 3737 1441 3772 mo-

340 3794 466 3846 nialibus.
504 3797 537 3846 de
556 3811 607 3863 qua
631 3811 660 3846 re
690 3810 785 3862 magna
804 3795 931 3863 quaedam
957 3796 1028 3846 inter
1045 3795 1142 3864 vulgus
1164 3795 1284 3862 pollebat
1310 3793 1446 3861 auspicio&

343 3881 376 3916 ex
396 3882 448 3932 qua
466 3867 499 3918 ad
517 3868 651 3918 Andrenm
671 3867 767 3920 Cretae
796 3874 873 3918 erant
890 3865 939 3918 illa
957 3866 1114 3932 referenda,
1147 3868 1192 3935 qui
1210 3882 1264 3918 uon
1282 3867 1375 3933 paucis
1395 3879 1441 3916 sa-

345 3937 399 3987 cria
419 3939 531 3988 canticis
551 3937 693 3989 eccleciam
712 3939 827 3992 ornarit.
847 3937 899 3990 hoc
918 3938 1049 3990 inloaaum
1069 3946 1110 3990 eat
1127 3938 1153 3989 in
1175 3939 1256 3990 lunda
1275 3937 1344 3990 sacri
1367 3935 1442 3987 illiuu
1497 3963 1502 3976 κ

299 4073 302 4078 ¹
343 4007 445 4073 templi.
483 4017 542 4060 erat
559 4009 677 4060 tenebris
696 4009 846 4062 involutum
874 4025 907 4061 cx
925 4009 1008 4078 longo
1033 4017 1154 4094 temporo
1177 4009 1331 4077 neminique
1349 4015 1442 4059 notum

346 4094 431 4145 usquc
449 4079 482 4129 ad
499 4081 680 4145 praesentium
698 4089 845 4148 temporum
866 4089 990 4134 aetatem.
1010 4083 1118 4133 nescio
1144 4089 1241 4146 autem,
1261 4080 1392 4148 quomodo
1412 4076 1444 4128 ad

344 4149 432 4201 lucem
455 4158 619 4216 protractum
639 4152 689 4215 ait,
707 4160 794 4202 utrum
814 4154 945 4218 rapientia
973 4153 1084 4222 quadam
1105 4153 1194 4205 divina
1219 4169 1252 4204 un
1273 4168 1306 4202 ex
1323 4151 1447 4202 uecessi-

345 4229 402 4272 tuta
423 4221 461 4272 ibi
482 4222 609 4285 fodiendi,
628 4238 662 4273 an
681 4225 774 4275 neacio
794 4237 847 4291 quo
865 4223 919 4276 ulio
939 4225 1026 4276 modo
1070 4239 1123 4276 non
1151 4226 1221 4276 enim
1239 4223 1305 4275 mihi
1324 4222 1446 4290 contigit,

347 4301 378 4343 ut
396 4294 463 4345 mcia
479 4294 563 4359 ipaiua
582 4292 670 4345 oculia
689 4293 777 4346 locum
796 4294 988 4361 perlustrarem
1006 4297 1195 4363 persecutione
1207 4311 1275 4364 quae
1293 4303 1348 4346 tum
1367 4293 1448 4345 flebat

347 4372 374 4420 et
391 4365 525 4421 eccleciae
544 4373 701 4440 tempeatate
721 4365 859 4422 illamam
884 4367 1024 4422 claudente
1043 4375 1133 4440 portua
1159 4370 1196 4422 ita
1214 4375 1244 4422 ut
1259 4381 1295 4420 ua
1310 4366 1344 4427 ,iu
1362 4365 1448 4420 breve
