3184 5100
212 381 216 384 ’
326 390 375 464 oo
630 386 858 458 memnoni
884 381 1119 453 cancouln

327 555 542 639 προίστασθαι
572 548 680 634 λαχών
703 546 871 626 Κόκκινος·
930 540 1014 614 οὗτοι
1047 543 1109 630 γὰρ
1141 543 1280 610 ἐκαλεῖτο
1312 540 1369 608 διὰ
1389 539 1426 607 τέ

326 654 473 738 ιιυροῖδες
498 651 554 717 καί
575 643 685 734 clypco»
715 651 771 734 τῆς
794 641 901 732 ὅψεως
923 647 939 713 ὃ
960 647 1142 728 ποιμενικὸς
1170 642 1287 728 ιιατήρ.
1329 641 1428 726 ἔτυχε

326 754 387 842 γὰρ
411 756 444 819 ἐν
468 752 647 840 Βυζαντίῳ,
671 760 740 826 ταῖς
760 754 820 832 μὲν
839 751 894 814 τοῦ
918 751 1063 829 Παλαμιῖ
1090 746 1319 833 καινοφιονίαις
1339 742 1429 831 ιιιέσῃ

325 851 433 942 propp
455 855 511 918 καί
530 854 656 939 σπουδή
676 852 868 934 συμμαχῶν,
890 852 948 914 τοῦ
970 849 1005 912 δέ
1028 853 1175 930 ποιμνίου
1196 842 1297 930 μικροὶ
1324 868 1429 930 φρον-

89 967 95 976 “
197 955 506 1034 ί.114ε.τίζοιν,καί
525 949 577 1017 τὸν
597 956 656 1034 μὲν
671 948 749 1016 κατὰ
769 953 822 1033 τής
844 951 1006 1032 εὐσεβείας
1028 951 1052 988 ”
1073 943 1293 1032 ἀναρριπίζων
1315 948 1457 1010 ἐνταυ-5
1508 970 1509 1049 ρ

325 1060 383 1122 ost
399 1050 551 1138 διωγμόν,
574 1056 616 1138 τῷ
636 1055 671 1117 δὲ
688 1056 821 1134 βασιλεῖ
831 1051 1127 1136 ιιροφοιβαζίμενος
1148 1050 1182 1126 ἐξ
1202 1044 1347 1130 ἐτείριον,
1368 1046 1430 1108 xcix
1508 1082 1509 1091 ο

321 1158 383 1226 [soti
406 1153 552 1220 τοιούτου
574 1153 729 1233 μαντικοῦ
749 1152 897 1236 τρίποδος
918 1143 1170 1232 ὑπισχνούμενος
1190 1147 1227 1213 τὰ
1248 1141 1376 1230 μεγαλα
1397 1170 1432 1212 τε

327 1253 383 1320 καί
403 1256 582 1337 α’τιόρρήτα,
603 1250 737 1337 κλήρους
759 1252 863 1332 ἀρχῆς
884 1246 1004 1333 δηλαδή
1026 1251 1238 1332 καινοτέρους,
1257 1245 1314 1312 καί
1325 1248 1432 1324 πασας

326 1349 407 1445 ipius
426 1353 480 1419 καί
499 1348 649 1438 ἑσπερίου
671 1350 787 1436 λήξεως
810 1349 1014 1432 ἐπικράτειαν
1036 1343 1183 1432 ducx-‘lov
1205 1347 1319 1414 ου’τίκα
1339 1346 1432 1431 μα’λα

327 1479 357 1520 το
382 1449 540 1538 ἐψομένήν
571 1456 616 1543 τῷ
652 1455 790 1540 διωγμῷ.
834 1449 915 1516 α’λλέ
945 1450 1006 1533 γὰρ
1037 1448 1145 1534 ἐπειδή
1171 1449 1248 1534 πρὸς
1269 1451 1479 1516 norece-1⁰

328 1555 456 1620 ναντιόν
481 1554 599 1637 ἐχώρει
626 1551 660 1619 τὸ
681 1557 739 1619 τοῦ
761 1557 921 1644 Κοκκήιον
946 1550 1133 1634 μάντευμα,
1155 1549 1274 1636 πολλήν
1294 1558 1432 1634 παρεῖχε

329 1653 545 1742 τήνοέιιορίαν
574 1657 617 1743 τῷ
638 1660 783 1738 βασιλεῖ,
803 1649 898 1720 auid
927 1656 1006 1738 χθὲς
1028 1651 1083 1718 καί
1104 1653 1259 1737 ιιρὸτριτα
1282 1649 1432 1736 προσίετό

329 1779 361 1822 τε
383 1757 436 1820 καί
457 1754 585 1842 σφόδρα
607 1757 751 1839 α’σμένως
773 1758 938 1836 ςἰιίοτευε,
958 1757 1016 1819 νῦν
1040 1757 1073 1830 ἐς
1095 1751 1298 1839 α’μφιβόλους
1318 1751 1435 1837 ἐρριπ-

299 1845 302 1854 ’
329 1880 381 1924 τεν
404 1859 535 1939 ἐννοίας,
557 1859 613 1924 καί
632 1863 803 1946 τρικυμιάν
823 1852 890 1941 εἶχε
904 1856 1071 1939 λογισμῶν,
1092 1853 1148 1920 καί
1169 1853 1333 1920 ἐπεσείετο
1354 1853 1434 1930 τούς

331 1955 449 2042 λήρους
483 1963 643 2041 ἐκείνους,
675 1957 730 2022 καί
750 1965 880 2033 πολλαῖς
908 1958 1056 2040 ἐπειρᾶτο
1090 1959 1233 2038 μέμψεσι
1265 1958 1434 2039 βαπτίζειν
1445 1966 1481 2020 15

332 2056 408 2134 τούς
433 2053 533 2135 οῧτιος
557 2061 605 2125 ἐιί
627 2052 809 2147 ου’τοφοέρρι
830 2054 1014 2141 ψεύδεσθαι
1034 2056 1092 2120 otiu
1113 2053 1341 2140 ἐρυθριῶντας.
1363 2058 1433 2119 ἀλλ’

333 2155 466 2242 ἐγγύθεν
490 2154 590 2235 αι’θις
621 2158 715 2235 tric
746 2164 898 2246 μαντείας
920 2153 1054 2242 είσίγοον
1084 2154 1194 2236 ἑστώς,
1219 2155 1275 2221 καί
1293 2160 1440 2242 ιιαρελξη-ι

332 2250 485 2344 μοίμενος
506 2257 563 2344 τήν
578 2261 742 2346 ἀλήθειαν,
765 2249 874 2325 ἔπειθε
892 2263 986 2324 πάλιν
1006 2258 1063 2342 τήν
1088 2254 1276 2342 αίθεντικήν
1295 2255 1436 2341 ἐποτρί-

333 2383 401 2443 χιον
423 2357 596 2448 ἁπλότητα,
618 2366 673 2426 καί
693 2363 879 2428 τούναντίου
906 2359 1087 2442 πνεύματος
1115 2357 1276 2443 ἐνέργειαν
1294 2357 1436 2444 ἔφασκεν

334 2453 428 2544 εἶναι,
447 2461 498 2526 ἵνα
519 2461 575 2526 τόι
596 2461 676 2545 ὑπὲρ
698 2463 863 2542 είσεβείας
886 2464 984 2549 σβέσῃ
1007 2460 1133 2543 θυμόν,
1155 2457 1356 2546 καπήλεέσας
1376 2457 1482 2551 'silvio
1511 2551 1512 2560 ρ

335 2561 455 2647 δρόμον
474 2565 534 2627 τοῦ
558 2565 706 2646 διωγμοῦ.
750 2558 831 2629 εἶναι
853 2564 888 2627 δέ
923 2564 978 2627 καί
1001 2559 1132 2647 δοκιμήν
1151 2587 1224 2628 τινα
1243 2564 1332 2627 τοῦτ’
1351 2560 1439 2648 ἐφικ-

334 2686 407 2729 σκεν
428 2666 516 2751 αὐτῷ
536 2667 638 2745 θεοῦ,
661 2666 716 2729 καί
735 2669 789 2749 τῆς
810 2666 988 2750 μελλούσης
1020 2661 1098 2742 ἴσως
1119 2666 1329 2747 εὐδαιμονίας
1348 2666 1437 2746 γίνε-
1511 2669 1512 2706 ³

337 3002 406 3049 runt.
443 3003 507 3049 tunc
525 2994 617 3049 aberat
634 2994 779 3063 coccinus,
794 2997 840 3067 qni
860 2998 1042 3067 episcopatum
1059 2998 1134 3052 urbis
1146 3000 1255 3053 sortitus
1277 3006 1342 3052 erat.
1363 2998 1438 3055 (loc.

339 3068 415 3119 cinus
447 3066 516 3119 enim
545 3069 679 3135 posterius
703 3077 780 3137 pater
805 3070 838 3122 ab
856 3073 936 3139 igneo
965 3078 992 3122 et
1017 3072 1126 3123 elierato
1146 3071 1222 3124 vultu
1240 3070 1438 3140 appellabatur.

338 3137 495 3193 versabatur
513 3146 567 3191 tum
586 3142 713 3209 temporis
733 3141 868 3209 Byzantii,
887 3142 933 3193 ubi
951 3144 1029 3195 novis
1047 3142 1170 3195 l'alamue
1189 3144 1344 3195 commentis
1364 3144 1439 3194 omni

338 3211 426 3263 animo
445 3218 525 3279 utque
543 3212 629 3264 studio
651 3213 754 3265 deditus
774 3215 918 3281 gregissui
934 3229 1025 3281 parum
1038 3213 1128 3266 habita
1145 3216 1251 3266 ratione
1270 3230 1352 3267 verae
1372 3214 1436 3266 iidei

339 3282 555 3351 persecutionem
574 3284 746 3347 accendebat,
771 3286 925 3351 imperatori
950 3301 1016 3336 vero
1037 3301 1070 3337 ex
1088 3287 1197 3338 somniis
1216 3295 1243 3339 et
1260 3286 1366 3354 tripode
1383 3301 1460 3337 ue.,

337 3354 394 3407 scio
415 3368 467 3423 quo
487 3355 615 3406 vaticinio
634 3370 743 3423 magnas
763 3372 828 3407 sune
846 3364 927 3424 atque
944 3356 1095 3409 ineffabiles
1112 3374 1156 3409 res
1175 3358 1364 3425 pollicebatur,
1382 3357 1439 3407 im-

338 3426 407 3493 perii
425 3425 549 3477 nimirum
578 3425 831 3493 amplificationem,
861 3429 972 3479 orientis
1001 3436 1027 3479 ct
1045 3430 1192 3481 occidentis
1210 3431 1347 3492 ditionem,
1367 3444 1439 3496 quae
1481 3474 1486 3482 .

337 3496 419 3549 nullo¹
433 3496 544 3563 negotio
563 3499 777 3565 persecutionem
798 3516 813 3551 e
833 3500 949 3567 vestigio
974 3500 1127 3551 insecutura
1153 3510 1233 3555 esset.
1253 3510 1279 3553 at
1298 3503 1439 3552 enimvero

338 3584 426 3637 quum·
439 3568 549 3623 coccini
568 3570 736 3638 praesagium
765 3585 874 3637 prorsus
899 3586 976 3623 secus
999 3572 1123 3637 caderet,
1142 3574 1169 3624 in
1189 3589 1298 3641 magnos
1319 3573 1439 3623 iniectus

339 3648 379 3692 est
397 3639 568 3692 difficultates
587 3642 751 3709 imperator,
771 3649 802 3693 ut
823 3642 892 3711 quod
912 3642 971 3695 bcri
990 3642 1035 3695 t'el
1054 3644 1151 3695 nudius
1170 3646 1265 3698 tertius
1286 3643 1392 3697 admisit
1413 3652 1441 3695 et

337 3710 522 3763 lubentissime
541 3712 662 3778 credidit,
682 3714 708 3765 id
727 3715 778 3765 ium
798 3714 937 3781 ambiguus
951 3722 1074 3767 versaret
1090 3716 1287 3783 cogtationibus
1304 3724 1331 3769 et
1349 3716 1439 3769 vebo.

313 3780 318 3789 '
337 3783 501 3833 mentiosima
516 3783 689 3837 consiliorum
705 3783 879 3839 fluctuatione
892 3787 1007 3854 agitatus
1024 3803 1109 3855 nugas
1122 3790 1186 3839 istas
1205 3788 1335 3840 obiiceret
1347 3797 1439 3857 utque,

339 3866 406 3920 quos
425 3866 480 3903 non
498 3854 610 3919 puderet
632 3857 658 3906 in
678 3864 730 3907 tam
749 3857 899 3909 manifestis
918 3858 1063 3910 mendaciis
1082 3858 1255 3927 deprehendi,
1275 3859 1367 3912 multis
1386 3874 1439 3929 op.

339 3922 455 3990 probriis
483 3925 596 3976 obruere
623 3936 773 3979 conaretur.
812 3928 859 3981 sed
886 3944 977 3980 rursus
1003 3929 1051 3981 illc
1077 3932 1277 3998 praesagiorum
1296 3933 1440 3983 auctorad

341 4010 399 4044 cum
419 3995 535 4058 accedit3
563 3999 704 4050 veritatem
736 4000 805 4051 ials'o
830 4002 1030 4067 interpretando
1066 4011 1092 4053 et
1123 4010 1220 4054 certam
1239 4002 1438 4069 simplicitatem

339 4066 544 4118 transcurrendo
567 4083 626 4118 eum
645 4069 695 4121 sibi
716 4071 890 4136 reconciliat3
919 4071 986 4123 hanc
1008 4074 1155 4125 adversarii
1174 4075 1309 4126 cuiusdam
1328 4075 1439 4141 spiritus

341 4152 401 4189 esse
420 4138 475 4191 vim
494 4138 568 4202 dicit,
588 4141 633 4207 qui
652 4142 773 4194 ardorem
791 4145 900 4211 pietatis
918 4146 1087 4211 restinguere
1114 4154 1140 4195 ct
1159 4147 1355 4211 persecutionis
1375 4163 1438 4199 cur.

340 4222 397 4261 sum
418 4208 600 4275 fraudulenter
621 4212 743 4265 inhibere
762 4214 838 4267 velit.
869 4214 953 4281 ,hoec
972 4218 1050 4266 etiam
1070 4216 1219 4283 exploratio
1240 4218 1367 4285 quaedam
1388 4228 1437 4284 est,

337 4280 441 4355 iuquit,
469 4296 485 4334 a
510 4282 561 4337 deo
580 4284 699 4337 instituto
725 4294 753 4339 et
770 4288 906 4353 praelusio
930 4285 1044 4341 fortasse
1071 4287 1176 4341 loturae
1192 4289 1384 4361 beatitudinis,
1403 4307 1438 4346 ue
