3184 5100
297 426 521 499 nrsronmn
542 424 909 541 nrzturmtnnrx.
925 410 1114 497 65-68.
1174 420 1248 500 stt
1334 480 1337 492 ι

149 600 265 663 veodam
289 592 344 659 καί
364 592 419 660 ιδν
436 596 500 659 ταῖν
522 594 685 675 δνομδιοον
708 596 740 673 ἐξ
756 593 891 678 δνὰγκρς
912 595 1090 678 πολυσχιδῆ
1116 591 1172 659 καί
1190 616 1251 658 πο·

148 698 303 782 λυέροπον
320 692 487 781 μερισμόν,
512 695 619 759 δποῖον
636 692 654 779 ἦ
669 698 731 759 τῶν
750 694 912 780 διαφόρων
931 690 1250 781 πραγμάτωνδιοίφο-

149 823 204 883 ρος
226 795 403 880 παραγωγὴ
440 804 671 879 τελεσιουργεῖ,
706 792 873 875 δυνάμεως
904 793 983 879 λέγω
1014 794 1069 859 καί
1091 798 1174 879 ζωῆς
1196 800 1252 862 καί

149 903 308 983 ἐνεργείας
326 902 382 961 καί
403 894 508 983 φωτός
531 896 585 961 καί
606 894 722 982 σοφίας
751 898 807 963 καί
824 899 887 961 τῶν
914 894 1074 976 sotadeum,
1100 900 1252 982 μονοειδῆ

124 1008 206 1067 daal
227 996 324 1065 αιίτδν
345 992 407 1081 ἤδη
428 998 483 1063 καί
500 997 698 1079 μονότροπον
718 992 761 1073 dg
784 998 914 1079 δληθοές
937 998 1057 1080 δρόμον
1078 999 1112 1061 ἐν
1132 999 1176 1084 τῷ
1195 1001 1251 1081 τῆς
1297 987 1300 993 ’

150 1102 304 1185 ἀληθείας
337 1103 443 1187 ἐκεινῳ
477 1102 573 1185 πεδίῳ
613 1096 737 1165 delusa.
791 1101 1081 1181 περιγεγραμμένος
1110 1098 1171 1183 γάρ
1203 1122 1251 1173 τις

152 1198 226 1285 δρας
253 1197 384 1285 ἑκάστης
414 1200 524 1277 ου’σίας
547 1194 693 1281 daippus
712 1200 844 1265 ἕκαστον
860 1191 975 1280 ὄνομα,
1006 1202 1063 1263 καί
1079 1200 1252 1280 μιᾶςίδιδ-

150 1326 243 1386 optor:
270 1304 518 1385 ἐπειλημμένον,
550 1299 605 1363 καί
630 1302 802 1365 συστέλλου
835 1298 1082 1384 δποοσδιγποιοῦν
1109 1296 1146 1366 εδ
1170 1296 1251 1383 πρδς

151 1404 319 1487 οόριοείαν
352 1406 429 1476 ιεάις
464 1402 562 1484 αι’τῆς
590 1405 781 1483 κεχυμένον,
819 1397 927 1476 ἅπλῶς
973 1398 1054 1465 κατὰ
1093 1396 1148 1464 κδν
1191 1400 1250 1463 αἶν-

107 1506 313 1588 torpuimus
348 1507 422 1569 νοῦν
466 1505 616 1587 πειρᾶται
660 1504 719 1581 μὲν
770 1502 850 1566 ια’πί
891 1506 946 1587 τῆς
983 1500 1317 1596 ὖπεριμιλωμδνηςιθῠ

152 1606 271 1691 ἐκείνης
295 1608 387 1677 θείοις
401 1603 521 1680 ὀδαίας
553 1599 750 1688 τῆν,·ἓαυτοῠ
772 1601 913 1689 φυσικήν
942 1602 1180 1689 α’ποφαίνεσδαι
1201 1603 1252 1666 κί·

153 1810 271 1890 κρίνειν
288 1804 342 1871 καί
361 1807 502 1889 μερίζειν
532 1809 564 1881 ἐς
593 1801 769 1891 διαφόρους
801 1804 840 1870 εδ
875 1803 908 1870 δν
940 1797 1157 1887 ι’δισιροπίας,
1185 1806 1254 1868 αλλ’

154 1904 241 1991 ἔφθη
253 1908 333 1988 πρίν.
346 1908 531 1987 δεδρακέναι
549 1903 664 1972 παθόν.
676 1908 817 1987 μερίζειν
830 1904 890 1990 γδρ
908 1903 1107 1988 ἐπειγόμενον
1127 1906 1176 1968 ἐπ’
1186 1900 1256 1988 ἴσης

110 2030 142 2083 15
153 2015 219 2083 τοῖς
238 1998 346 2082 ἄλλοις
366 2010 419 2071 καὶ
441 2003 499 2091 τήν
525 2008 695 2089 α’μὲρισιαν
718 2004 840 2093 ἐκείνην
860 2012 916 2073 καί
943 2008 1037 2085 θείαν
1054 2001 1178 2085 οδσίαν,
1200 2007 1255 2069 λε’-
1304 1993 1307 2002 ’

153 2112 232 2193 ληδε
254 2110 408 2173 συσταλὲν
430 2107 482 2171 ὑπ’
514 2109 632 2193 ἐκείνης
661 2110 716 2171 καί
741 2107 820 2193 πρδς
848 2107 963 2192 νοριήν
992 2105 1143 2187 ὁμόνοιαν
1160 2129 1255 2171 συνε-

153 2208 256 2275 λάσαν
277 2208 332 2274 εδν
354 2206 559 2290 κωλυδνυμδν
582 2232 614 2273 ιε
637 2212 691 2274 καί
711 2208 959 2295 πολυπράγμονα
986 2202 1151 2291 μερισμόν.
1196 2209 1256 2271 καί·

153 2308 249 2395 πειδὴ
270 2319 485 2397 περιγραφαῖς
507 2309 672 2390 ὀνομάτων
696 2312 813 2395 ἤδιία
837 2313 892 2376 καί
913 2310 1165 2396 ὖπερηπλυομὲνη
1188 2306 1255 2395 ‹pd-
1364 2371 1366 2376 .

154 2438 205 2487 σις
228 2416 330 2497 ε’κείνιγ
354 2413 516 2477 δουλεύειν
536 2413 592 2481 οδκ
614 2408 710 2491 οἶδεν,
738 2410 757 2497 ἦ
780 2414 815 2478 δὲ
837 2411 1018 2498 περιγραφῆ
1045 2409 1253 2496 περιληπτικῆ
1264 2430 1283 2485 r,
1296 2428 1347 2486 146
1357 2445 1385 2486 γ.

107 2532 201 2593 σατις
234 2516 355 2599 γίνεται
384 2516 441 2579 τοῦ
471 2514 680 2597 ὑποκειμένου
711 2518 852 2600 γναῖσις,
886 2514 944 2578 οιῗκ
967 2506 1112 2582 deuota
1133 2517 1254 2598 γένοιτο

151 2615 294 2702 γνιοσκδν
313 2612 331 2679 δ
350 2619 386 2703 κῇ
410 2616 502 2706 αι’σίρι
516 2620 657 2702 πέφυκεν
673 2618 928 2704 δπερίγραπιον·
950 2618 983 2682 ἓν
997 2608 1062 2701 δρα
1077 2619 1133 2682 καί
1151 2610 1256 2699 ἄγνον·

153 2743 227 2786 σιον
249 2718 268 2801 ἦ
288 2721 362 2784 θεία
385 2716 482 2803 φιίσις
507 2719 618 2804 ἐκείνη,
633 2717 695 2804 νκαί
714 2719 794 2802 ὑπὲρ
818 2717 919 2786 ποίνιο
936 2717 1028 2802 λόγον
1049 2720 1103 2786 καί
1121 2715 1256 2798 ἔννοιαν,

154 2823 211 2885 καί
245 2820 350 2886 πᾶσαν
378 2818 572 2905 Παλαμικὴν
604 2823 814 2906 α’ποσειομδνη
846 2823 1037 2907 περιεργίαν.
1090 2812 1163 2902 ὅγε
1192 2817 1258 2903 μῆν

155 3007 299 3075 multiplex
321 3015 348 3058 et
367 3006 537 3075 multiformis
555 3008 652 3060 divisio
672 3006 777 3075 qualem
796 3022 883 3058 rernm
903 3007 1067 3060 diversarum
1083 3008 1189 3062 diuersa
1207 3009 1257 3061 de.

157 3081 258 3133 εἰναλία
279 3079 457 3150 deductioqne
477 3079 570 3144 eflicit,
590 3081 631 3130 vis
652 3080 722 3144 dico,
743 3087 770 3129 et
783 3080 856 3132 uitae
876 3087 903 3128 et
922 3078 1085 3132 efficientiae
1105 3088 1132 3132 et
1149 3079 1257 3136 luminis

159 3161 187 3204 ct
209 3151 358 3224 sapientiae
378 3158 405 3201 et
422 3149 523 3214 talium,
543 3149 691 3218 simplicem
711 3158 737 3200 et
755 3151 815 3220 ipsa
833 3151 885 3200 ium
908 3156 934 3198 et
958 3149 1117 3201 uniformem
1134 3152 1257 3219 prolecto

158 3237 264 3276 cursum
283 3222 312 3272 in
330 3221 378 3272 illo
408 3223 531 3273 veritatis
560 3237 651 3290 campo
679 3221 811 3274 decurrat.
857 3221 1072 3288 circumscriptus
1101 3229 1171 3275 enlm
1198 3223 1258 3274 finis

159 3295 266 3363 qnidam
286 3295 416 3360 cuiusque
429 3293 563 3346 esseutiae
582 3300 728 3360 suppetens
743 3293 869 3362 quodque
881 3299 922 3342 est
934 3306 1030 3342 nomen
1046 3293 1116 3414 ρεαδ
1136 3300 1163 3344 et
1180 3308 1258 3344 unam

156 3365 350 3434 proprietatem
371 3365 442 3431 capit
461 3371 487 3415 et
503 3368 664 3433 quocunque
684 3364 762 3418 modo
782 3364 918 3431 componit
930 3379 998 3431 quae
1018 3363 1045 3413 in
1065 3363 1155 3414 elinite
1176 3365 1259 3416 effusa

159 3443 231 3499 sunt,
251 3435 414 3504 simpliciter
430 3437 575 3488 seeundum
604 3436 737 3486 hominum
758 3434 975 3504 intelligentiam,
1023 3443 1135 3490 conatur
1153 3436 1258 3502 quidem

160 3509 239 3559 ctiam
260 3507 287 3556 in
306 3507 504 3578 simplicissima
523 3507 572 3558 illa
594 3508 711 3558 essentia
735 3507 827 3557 divina
845 3507 991 3556 motionem
1019 3521 1091 3559 suern
1106 3506 1259 3558 naturalem

159 3577 298 3630 declarare
327 3586 353 3628 et
383 3579 424 3630 vls
443 3580 539 3630 insitae
563 3587 699 3642 naturam,
720 3579 779 3630 dico
800 3577 870 3628 enim
891 3576 976 3640 illud,
996 3577 1067 3644 quod
1085 3577 1214 3629 discernit
1233 3585 1261 3630 et

159 3649 256 3704 dividit
284 3665 364 3700 unum
390 3651 417 3700 ln
447 3651 567 3704 diversus
588 3651 785 3718 proprietates,
807 3648 855 3702 scd
875 3648 1028 3716 priusquam
1057 3648 1147 3700 effecit
1164 3649 1260 3700 affecta

160 3728 211 3782 est,
232 3721 374 3770 cumcuim
394 3721 514 3772 dividere
534 3723 653 3772 studeret
667 3737 754 3790 seque
774 3720 872 3771 ceteris
887 3719 965 3769 etiam
980 3719 1121 3771 indivisam
1139 3719 1213 3772 illem
1234 3727 1260 3772 ot
1348 3781 1354 3791 ⁴

157 3791 276 3844 diuinam
296 3793 448 3855 essentiam,
469 3792 537 3860 fugit
554 3791 622 3844 illud
641 3808 700 3843 esse
725 3792 757 3842 ab
778 3791 827 3842 illu
846 3791 1031 3856 compositum,
1051 3799 1078 3842 et
1095 3792 1123 3842 in
1143 3807 1259 3846 concor-

158 3865 228 3915 diam
247 3862 447 3930 intelligibilem
468 3863 633 3914 'contraxisse
647 3864 807 3914 divisionem
825 3863 933 3912 nomina
952 3862 1141 3927 impedientem
1161 3872 1188 3915 et
1209 3879 1259 3916 oc.

159 3935 366 4000 cupatissimam,
388 3941 414 3984 et
433 3935 556 4002 quonium
577 3933 869 4006 circumscriptionibus
881 3933 1018 3983 nominum
1037 3935 1127 3986 dlrina
1146 3943 1174 3988 et
1191 3936 1258 3990 sim.

159 4006 308 4073 plicissima
327 4012 422 4056 natura
440 4003 488 4056 illa
507 4006 641 4056 inservire
660 4007 763 4069 nescit,
783 4004 995 4070 circumscriptio
1016 4013 1105 4057 autem
1126 4006 1259 4076 colligens

159 4085 201 4129 est
222 4077 353 4143 suppositi
378 4077 515 4144 cognitio,
543 4091 596 4146 oon
618 4084 707 4143 potest
734 4077 862 4144 cognosci
888 4075 1087 4146 quodpropter
1116 4081 1260 4131 essentiam

157 4163 215 4200 non
235 4156 275 4200 est
296 4147 533 4213 circumscriptum.
570 4163 650 4198 unum
662 4149 743 4218 igitur
763 4155 790 4198 et
805 4139 975 4214 'incognitum
995 4156 1036 4200 est
1055 4148 1146 4203 divina
1165 4159 1261 4204 notura

158 4218 218 4282 illa,
241 4227 267 4270 et
285 4233 365 4284 supra
384 4233 487 4269 omnem
501 4219 681 4270 definitionem
697 4227 723 4269 et
740 4217 946 4288 intelligentiam
960 4226 987 4270 ct
1005 4234 1136 4287 respuens
1155 4236 1260 4272 omnem

161 4289 322 4344 Palemicam
343 4290 534 4353 curiositatem,
555 4291 625 4358 quod
645 4291 773 4359 cognosci
792 4305 808 4341 a
826 4289 903 4342 nobis
916 4297 1006 4357 potest
1021 4293 1050 4345 in
1069 4293 1119 4343 deo
1139 4293 1197 4343 eius
1217 4291 1260 4341 si.

161 4361 288 4416 delentiis
311 4368 338 4412 ct
357 4361 474 4426 uiribus,
501 4375 570 4429 quae
591 4370 720 4430 opparont
743 4369 769 4415 et
788 4361 875 4416 iactae
900 4369 977 4432 tunt,
1001 4365 1028 4419 id
1045 4363 1124 4422 nobis
1143 4363 1259 4419 invicem
