3184 5100
329 391 425 473 trt'
630 402 859 473 nrcrnnonr
889 402 1121 473 omooasn

208 569 319 627 522⁶&
330 593 403 635 στον
431 558 515 635 εἶναι
547 567 618 691 φός
646 563 729 655 dudo
756 564 831 644 τούς
864 566 1015 654 ὐγγίλους
1034 565 1112 652 μέν,
1132 546 1370 653 ὐφειμίνονδ’
1398 560 1461 631 οὐκ

198 711 202 720 -
330 670 499 758 ὐαειρόκις
524 672 582 757 τῆς
608 668 775 757 μακαρίας
811 669 931 755 ἐκείνης
963 694 1018 735 και
1047 672 1141 746 θειας
1161 665 1293 747 οὐσίας·
1340 670 1459 734 πόθεν

331 773 366 837 δὲ
393 772 450 837 και
477 771 575 838 ποίαν
600 770 727 858 εἰλήφει
760 769 818 854 τήν
846 770 1013 857 πρόφασιν
1044 771 1079 835 ἐκ
1099 768 1156 836 τοῦ
1176 770 1306 836 τοιοῦδε
1332 767 1457 857 φωτός

311 875 452 959 ἱπλῆθος
486 874 672 959 εισενεγκεῖν
703 871 863 957 θεοτήτυν
896 869 1051 937 ὐκτίστιον
1077 871 1134 937 και
1170 870 1353 949 ὐνουσίων,
1394 873 1456 954 τῆς

213 1030 223 1047 ,
329 974 423 1052 θείας
444 972 558 1051 οὐσίας
578 974 747 1061 διαφόρων
767 973 869 1059 πάντῃ
893 973 950 1039 καί
965 965 1164 1060 ἑτερογενῶν.
1206 971 1269 1059 ἐγώ
1289 974 1363 1059 γὰρ
1392 970 1475 1039 uduo

330 1066 396 1139 οὐδ’.
415 1070 568 1161 ὁπότερον
588 1073 713 1160 εἴποιμι
740 1070 799 1139 όν·
842 1068 865 1158 ἢ
884 1074 947 1161 γὰρ
970 1072 1026 1139 οὐκ
1050 1067 1164 1160 ὐκήκοε
1180 1074 1368 1161 διαρρήδην
1392 1077 1455 1158 τῆς

330 1173 424 1259 όγίας
443 1176 535 1259 ἕκτης
566 1175 623 1239 καί
643 1176 867 1259 οἰκεομενικῆς
891 1175 1029 1241 συνόδου
1049 1174 1176 1261 βοοόσης
1194 1174 1236 1241 τό
1256 1174 1410 1253 ἐναντία,
1433 1171 1454 1257 ἢ

330 1274 468 1351 ὐκούσας
490 1273 547 1341 οὐκ
569 1271 699 1363 ᾔσθετο,
719 1271 741 1359 ἢ
765 1275 962 1359 αἰσθόμενος
984 1275 1108 1363 ὐαῳδόν
1127 1298 1162 1341 τε
1176 1266 1281 1362 ἔκρινε
1295 1275 1356 1341 καί
1382 1302 1452 1359 μη-

331 1377 444 1458 δεμιᾶς
472 1373 558 1452 τινός
581 1373 664 1452 όλαις
687 1377 779 1454 ἀξίαν
811 1380 981 1464 φροντίδος
1014 1376 1159 1462 εὐλόγου.
1215 1376 1299 1463 φασδ
1322 1376 1396 1463 γὰρ
1422 1375 1451 1441 οἱ

328 1474 384 1560 τήν
404 1476 498 1541 θειάν
526 1476 648 1561 ἐκείνην
677 1478 813 1543 σόνοδον
835 1478 1106 1565 συγκροτήσαντες
1127 1481 1213 1541 θεῖοι
1234 1476 1381 1563 πατέρες
1406 1474 1486 1553 αὐςλλ

327 1575 421 1661 ἡμεῖς
440 1572 514 1644 οὐτε
532 1584 618 1663 τρεῖς
637 1576 726 1654 τινὰς
757 1578 854 1655 θεοὺς
876 1578 1079 1663 ἐπιστάμεθα
1100 1572 1174 1645 οὐδ’
1197 1575 1280 1654 όλιος
1301 1576 1452 1655 τιολλούς

328 1676 424 1757 θεοὺς
443 1675 465 1763 ἢ
487 1678 601 1766 φόσεις
622 1673 644 1763 ή
668 1677 780 1756 οὐσίας
801 1676 824 1763 ἢ
847 1678 1003 1765 θεότητας
1023 1678 1164 1765 ἔγνωμεν
1186 1669 1207 1762 ἢ
1227 1679 1451 1765 γινώσκοντας

330 1776 481 1863 οἴδαμεν,
512 1774 595 1845 ἀλλὰ
621 1780 678 1843 καί
707 1778 763 1845 τδν
790 1774 961 1863 ἕχονταή
982 1782 1163 1867 φρονοῦντα
1192 1773 1213 1862 ἢ
1243 1777 1450 1864 γινώσκοντα
1504 1770 1505 1849 i

262 1888 394 1957 urci<
433 1879 618 1963 ὐναθέμασι
651 1880 823 1964 βάλλομεν.
886 1880 1008 1955 τοότοις
1049 1875 1275 1963 ήΠαλαμική
1316 1882 1450 1966 φατρία

329 1982 432 2066 ἐκείνη
458 1979 584 2049 τοιόνδε
608 1978 681 2047 τινὰ
704 1979 762 2066 τήν
785 1981 954 2048 ὐντίθεσιν
977 1982 1189 2066 ἐπεισήνεγκε.
1230 1977 1286 2045 τόν
1304 1981 1369 2064 μὲν
1392 1984 1451 2064 τῆς
1461 2004 1485 2055 15

329 2085 420 2167 ἕκτης
441 2082 579 2148 συνόδου
599 2084 711 2148 τοῦτον
733 2079 997 2166 ὐναθεματισμόν
1019 2079 1213 2167 ὐπερθετίον
1234 2082 1268 2147 ἐν
1294 2084 1346 2169 τῷ
1359 2106 1449 2166 παρ-

330 2184 406 2249 όντι.
463 2183 517 2247 δεῖ
541 2180 605 2269 γὰρ
630 2180 872 2268 ἀποκρίνασθαι
903 2179 947 2257 οἷς
968 2180 1025 2257 οὐκ
1050 2176 1162 2267 ὐλογός
1186 2206 1234 2257 τις
1263 2180 1346 2266 ήμῖν
1377 2183 1449 2266 ἐγε-

330 2284 417 2369 γόνει
439 2282 607 2369 πρόφασις
639 2281 722 2369 πρός
753 2283 907 2369 δευτέρας
934 2283 1084 2367 θεότητος
1105 2283 1227 2351 ἔννοιάν
1254 2284 1370 2349 τεκαὶ
1393 2284 1448 2347 πί-

331 2409 408 2462 στιν,
431 2381 513 2451 ἀλλὰ
535 2384 591 2449 καί
612 2384 703 2466 μάλα
722 2409 755 2450 τι
785 2380 935 2470 εὐλογος·
982 2384 1108 2462 δείξασι
1134 2383 1197 2472 γὰρ
1215 2381 1448 2469 ήμῖντήντῶν
1504 2422 1505 2449 ;

331 2486 430 2552 θείων
449 2488 587 2573 γραφεύν
611 2485 749 2569 δύναμιν
772 2483 850 2552 ὅθεν
870 2483 947 2570 ἡμῖν
968 2482 990 2570 ή
1011 2485 1196 2573 πρόφασις,
1226 2485 1363 2552 αὐτόθεν
1388 2452 1505 2564 art-20¹

330 2586 473 2669 τομότιος
494 2587 620 2662 πάντας
640 2581 776 2674 ἑκάτερα
801 2589 930 2670 ἕψεται,
951 2590 1009 2674 τῆς
1030 2611 1064 2652 τε
1085 2588 1243 2670 μέμψεως
1264 2585 1285 2670 ἦ
1311 2587 1446 2674 ὐπόφα-
1503 2663 1504 2682 ρ

331 2711 382 2762 τις
401 2688 458 2754 καί
478 2684 548 2769 ἅμα
570 2684 591 2770 ή
615 2690 672 2752 τοῦ
698 2688 964 2772 ὐναθεματισμού
984 2687 1197 2772 ἀναχώρησις.
1241 2687 1362 2774 οὐγὰρ
1388 2684 1446 2752 ὐλ-

330 2791 426 2854 lodov
450 2786 517 2856 ἄλλ’
539 2783 561 2872 ἢ
586 2790 623 2854 ἐκ
642 2790 701 2853 τοῦ
721 2791 755 2854 ἐν
774 2789 938 2876 Θαβωρίῳ
956 2789 1056 2856 nitor
1075 2791 1123 2878 τῷ
1145 2784 1215 2876 ὄρει
1234 2788 1310 2876 περὶ
1330 2787 1367 2854 τό
1388 2791 1446 2854 τοῦ
1503 2791 1504 2800 ’

330 3048 500 3117 superiorem
527 3047 574 3102 sed
606 3045 691 3100 multo
716 3046 873 3100 inferiorern
896 3047 1061 3100 beatitudine
1081 3047 1130 3100 iila
1155 3057 1182 3100 et
1204 3049 1296 3102 divina
1314 3051 1442 3102 essentia.

331 3119 438 3185 deinde,
461 3120 542 3184 unde,
566 3127 593 3170 et
613 3118 719 3188 qualem
737 3127 905 3186 praetextum
922 3119 1047 3172 habuerit
1064 3135 1079 3172 ε
1097 3119 1159 3172 luce
1177 3118 1227 3172 ilia
1245 3119 1442 3174 multitudinem

333 3191 468 3245 deducere
501 3156 627 3244 de’itatum
654 3192 832 3242 increatarunt
859 3199 887 3242 et
909 3189 1121 3243 inessentialium
1146 3207 1214 3260 quae
1241 3207 1257 3244 a
1281 3191 1371 3243 divina
1396 3209 1442 3246 es.

337 3265 426 3316 sentia
450 3277 561 3330 prorsus
586 3262 692 3314 diverso
718 3269 780 3315 sunt
809 3271 835 3313 et
860 3261 929 3314 alius
959 3263 1077 3330 generis.
1125 3263 1247 3332 equidem
1266 3277 1331 3315 sane
1349 3264 1442 3316 dicere

333 3336 439 3388 nescio.
476 3342 523 3386 aut
540 3347 596 3384 non
621 3334 725 3386 audivit
746 3331 796 3384 iiia
825 3347 894 3401 quoe
913 3342 1004 3386 sancta
1028 3342 1103 3386 sexta
1134 3335 1308 3388 oecumenica
1325 3335 1442 3401 synodus

334 3405 469 3458 mtsaria
495 3404 568 3456 clara
595 3419 667 3456 uoce
685 3403 848 3458 exclamavit
871 3413 917 3456 aut
943 3406 1047 3458 audivit
1071 3406 1117 3458 sed
1148 3421 1204 3458 non
1232 3407 1372 3473 concepit,
1395 3413 1441 3458 aut

333 3476 525 3544 concepitred
556 3475 665 3529 dissona
694 3492 755 3527 essa
777 3476 908 3528 iudicarit
934 3484 962 3528 at
984 3491 1054 3544 quoe
1077 3476 1153 3530 nulla
1171 3477 1278 3530 omnino
1297 3477 1377 3545 digna
1393 3493 1440 3530 es-

332 3557 393 3603 scat
421 3548 605 3615 reputatione.
649 3547 741 3599 dicunt
773 3547 843 3598 enim
875 3548 920 3615 qui
957 3556 1074 3600 sanctem
1103 3547 1178 3600 ilium
1209 3548 1338 3614 synodum
1372 3563 1440 3600 con-

331 3627 482 3690 gregarunt
510 3620 596 3672 sancti
623 3626 736 3686 putres.
769 3627 836 3670 “nos
861 3633 951 3687 neque
980 3628 1036 3672 tres
1063 3622 1189 3688 quosdam
1221 3620 1288 3674 deor
1317 3620 1438 3672 novimus

330 3707 422 3760 nequa
448 3689 542 3758 piures
567 3690 633 3742 deos
650 3689 703 3747 vel
731 3699 840 3742 naturas
865 3690 911 3742 vai
940 3691 1069 3744 essentias
1097 3691 1143 3744 rei
1171 3691 1285 3744 deitates
1312 3693 1438 3759 agnosci-

331 3779 408 3827 mus,
432 3777 522 3831 noque
560 3762 678 3829 eosqui
703 3762 745 3816 sio
770 3763 892 3830 cogitent
921 3763 1107 3830 agnoscimu13
1141 3763 1188 3815 sed
1217 3779 1276 3814 eum
1301 3763 1347 3831 qui
1372 3762 1437 3814 hacc

331 3833 470 3902 intelligat
492 3839 539 3884 aot
567 3834 671 3900 cogitet
697 3841 744 3884 ant
767 3841 898 3902 agnoscat
920 3833 1090 3886 anathemata
1118 3834 1299 3886 damnamus?
1344 3833 1436 3901 quibus

331 3904 517 3958 hinnituum
547 3903 675 3956 sodalitas
713 3907 841 3972 opposuit
875 3904 993 3958 haecce:
1030 3912 1140 3958 “sertae
1173 3907 1269 3971 synodi
1301 3905 1435 3958 anathema

332 3975 400 4028 iliud
425 3976 454 4026 iu
479 3976 631 4030 huiusmodi
655 3976 737 4028 rebus
763 3975 833 4028 nihil
867 3976 949 4029 vaiet.
997 3991 1058 4028 nuru
1089 3976 1156 4029 licet
1181 3975 1365 4044 respondero,
1387 3990 1434 4032 nos

332 4061 388 4099 ιιι
410 4047 471 4098 siae
488 4047 594 4098 rationo
616 4047 728 4100 aiteram
747 4049 873 4100 deitatem
891 4059 1040 4116 agnoscere
1069 4056 1097 4100 et
1115 4047 1226 4100 credere
1252 4047 1299 4100 sed
1318 4047 1434 4114 proiecto

332 4119 439 4171 mtions
458 4133 534 4170 sans.
559 4120 612 4169 iam
632 4120 657 4170 si
677 4133 727 4170 nor
747 4119 798 4171 miti
817 4120 1087 4171 demonstraverimus
1109 4135 1202 4172 sacrae
1220 4120 1368 4185 scripturae
1384 4133 1432 4169 au.

333 4190 459 4242 stomoma
477 4189 541 4242 hino
558 4195 700 4257 utrunque
717 4204 767 4256 per
785 4206 816 4242 sa
836 4192 949 4256 evadet,
979 4192 1007 4242 in
1031 4205 1081 4242 uos
1106 4205 1196 4258 noque
1215 4191 1434 4257 vituperationem

332 4261 415 4314 aliam
432 4273 522 4329 nque
541 4259 683 4314 anathema
702 4262 800 4314 cadara
819 4275 909 4327 possa.
946 4277 1036 4330 nequa
1055 4263 1083 4314 id
1103 4262 1212 4315 aliunde
1231 4263 1433 4314 demonstremur
1499 4273 1500 4276 ’

332 4347 446 4408 qnam-c
463 4332 527 4388 ioca
544 4346 615 4406 quac
631 4333 662 4386 in
681 4340 772 4386 monto
784 4331 900 4386 Tithori
918 4333 983 4388 oiim
1002 4334 1103 4386 circum
1118 4333 1218 4388 donini
1238 4347 1337 4402 corpus
1354 4347 1433 4402 appa·
