3184 5100
326 397 397 473 ιιο
626 340 851 489 ιιιυιιιιιοιιι
879 388 1110 464 cmconaa

326 560 586 648 ἁμαρτάνοντας,
609 562 732 645 μεγάλα
757 565 786 626 δ’
814 553 873 635 οὖν
901 561 933 638 ἐς
950 561 1111 642 προῦπτον
1139 555 1332 636 πάσχοντας,
1350 549 1425 637 μήτ’

327 668 460 749 α’ποριῖν
486 663 566 748 μήτε
599 672 814 748 γνωσιμαχεῖο
835 659 867 736 ἔς
891 670 1050 742 πλεῖστον,
1074 653 1154 722 otti
1186 659 1230 744 τῷ
1250 655 1339 744 μόνῳ
1361 655 1428 740 θεῷ

325 769 552 850 παραπέμπειν
580 764 636 849 τὴν
659 765 784 849 κρίσιν,
814 765 858 851 τῷ
879 760 940 839 ’τίς
967 760 1093 845 πρώτας
1115 760 1220 834 αἰτίας
1242 755 1428 840 γινοίσιιοντι

211 920 215 933 .
325 870 380 950 τοῖς
400 866 457 942 τοὶς
480 861 601 942 ἑννοίας
630 867 764 950 ἐχούσης
785 865 894 948 ψυχῆς
915 863 990 948 περί
1013 865 1094 926 θεοῦ
1116 884 1150 925 το
1173 855 1428 923 sniumidedum

327 963 494 1050 δογμάτων
515 967 600 1032 πάνυ
621 992 652 1032 τι
681 965 866 1051 σφαλερός,
887 966 942 1027 καί
969 957 1068 1046 ἥκιστ’
1090 964 1123 1036 ο’ς
1144 966 1290 1024 πλεῖστον
1311 957 1451 1038 α’νιχο-5

324 1069 408 1156 μίτῳ
432 1066 489 1152 τὴν
519 1068 582 1132 τῶν
601 1069 753 1132 πλοίστοιν
785 1069 820 1130 s's
840 1062 963 1139 τούτοις
985 1064 1153 1128 παλόπτοιν
1172 1056 1280 1143 σιγήν,
1309 1061 1373 1124 τῶν
1392 1077 1425 1120 το

325 1163 430 1237 ἄλλων
463 1173 517 1234 κατ’
547 1163 615 1234 ὅσοι
646 1177 712 1242 τοῖς
742 1171 955 1240 δπισκοπιιιοῖς
980 1164 1180 1248 τ’νιδρύοοτατ
1210 1158 1363 1244 θρόνοις,
1397 1156 1430 1222 οδ

325 1274 527 1337 συνευδοκεῖν
549 1265 652 1334 ἑκοντὶ
665 1277 736 1344 ταῖς
750 1271 866 1350 α’ρχυῑς
888 1266 943 1331 καί
966 1268 1125 1357 ἐξουσίαις
1145 1263 1204 1328 οὐκ
1218 1263 1344 1326 duronius
1367 1261 1425 1324 rori

325 1373 480 1456 παρόντος
502 1371 642 1448 diuinan—
651 1373 696 1458 πῇ
714 1372 773 1451 μὲν
791 1367 929 1452 ματαίοις
949 1369 1040 1432 durato
1061 1365 1154 1450 δόξης
1173 1367 1229 1430 καί
1247 1386 1360 1447 τυχης,
1383 1362 1429 1447 πῇ

261 1473 361 1543 udi
385 1475 586 1556 προσναίροον
610 1471 684 1536 οἵων
705 1468 742 1554 δὴ
767 1473 862 1534 τινῶν
883 1469 1002 1554 φόβων.
1058 1462 1181 1543 ἑκόντος
1200 1463 1262 1547 γὰρ
1282 1483 1428 1550 επατεροι
1439 1471 1471 1525 10

301 1599 303 1606 ’
325 1574 364 1642 τοὶ
384 1577 519 1657 polysona
540 1572 737 1640 λανθάνουσι
756 1564 950 1653 βλάπτοντες
979 1571 1064 1656 κοινῇ
1085 1592 1118 1634 τι
1140 1591 1192 1632 και
1188 1563 1324 1631 '‘⁴aoii'
1308 1587 1430 1629 εκαστοι

326 1670 469 1797 ἑαυτούς,
491 1679 548 1760 τῆς
569 1676 701 1740 αἰωνίου
724 1673 817 1758 δόξης
846 1669 905 1757 τὴν
929 1668 1056 1736 nauium
1079 1669 1309 1750 οἷλλαττίμενοι
1330 1667 1431 1731 πόλα-

326 1799 389 1844 σιν.
431 1766 451 1860 ἢ
475 1773 536 1860 γὰρ
554 1769 601 1841 'nia
620 1765 815 1854 καθάπαξ”
793 1795 942 1853 ausurae,
963 1763 984 1854 ἢ
1006 1765 1041 1835 τό
1061 1794 1097 1855 ys
1119 1767 1266 1854 διίιιτρον
1287 1765 1317 1833 oi
1338 1771 1431 1832 πλεί-

327 1899 394 1958 ους,
414 1874 493 1959 ὑπὲρ
514 1878 571 1960 τῆς
590 1877 726 1959 πατρίου
747 1875 880 1950 πίστεως
902 1875 935 1950 ἐς
951 1870 1028 1953 μίαν
1047 1870 1220 1956 α’θλητικὴν
1241 1869 1431 1953 παραταξά-

325 2001 416 2060 μονοι
436 1975 586 2063 φίλαγγα
609 1978 698 2042 δυοῖν
719 1999 754 2041 το
777 1976 841 2042 τοῖν
868 1978 1043 2039 καλλίστων
1071 1970 1262 2055 τ’τὸγχπνου,
1283 1972 1338 2033 καί
1359 1962 1429 2049 ἅμα
1441 1981 1474 2034 15

327 2081 417 2146 δυοίν
436 2082 498 2144 τοῖν
525 2083 682 2144 κακίστων
711 2077 890 2160 ἀπείχοντο.
941 2075 997 2160 τήν
1017 2098 1053 2140 το
1081 2073 1144 2159 γὰρ
1175 2069 1299 2138 ἑαυτῶν
1325 2063 1431 2136 ιῖίδιυν

328 2179 523 2262 ίιιαριιουντο
545 2180 722 2264 α’φδλειαν,
747 2202 801 2242 και
821 2177 891 2259 ἅμα
911 2174 967 2239 τὸν
986 2178 1122 2256 βασιλέα
1140 2176 1300 2258 μακάριον
1318 2170 1432 2257 οδρων,

324 2287 394 2354 ,τοῖς
426 2271 579 2362 πατρίοις
601 2282 764 2354 πείθοντες
786 2301 884 2400 οροις
912 2275 1061 2358 inuisam
1084 2301 1138 2340 κατ
1132 2275 1304 2358 δόγματι.
1347 2277 1432 2359 μηδὲ

199 2399 201 2408 ’
264 2407 292 2435 -·
329 2379 390 2500 γὰρ
410 2380 586 2462 δυνάμενος
606 2375 801 2459 καθάπαξ“
781 2403 899 2444 πποσιν
911 2401 1010 2453 αυτος
1029 2377 1259 2459 ἄνδιστασθσι,
1281 2401 1333 2441 παι
1347 2399 1434 2439 αιτιοι
1512 2408 1513 2427 1

328 2483 404 2567 γοιῖν
424 2487 489 2557 τοῖς
516 2482 571 2585 τῆς
592 2478 827 2567 ὁμοφροσύνης
844 2472 1051 2562 οδσοβίσιν“
1033 2501 1122 2565 ορσις
1147 2479 1359 2562 συπηλαυνιτ’
1382 2499 1431 2562 αν,
1440 2480 1513 2535 λθ

211 2626 214 2633 =
329 2583 414 2649 καθὰ
437 2581 491 2647 καί
511 2560 670 2659 πλείστοις
690 2575 799 2656 αλλοις
815 2581 940 2667 αλλσχῇ
955 2583 1100 2669 πολλαχῇ
1120 2581 1348 2662 συμπεπτωκὸς
1363 2581 1431 2644 κατ’

329 2677 434 2753 ιιλλοι’
456 2677 572 2761 uidone
594 2682 670 2759 τούς
682 2682 845 2773 χρόνους,
867 2707 924 2748 ννν
934 2678 1040 2766 τιδι’
1026 2682 1119 2758 ονίοις
1142 2676 1293 2765 ἐνιαχοῦ,
1302 2683 1372 2748 ὀὖν
1396 2682 1432 2746 dd
1511 2771 1512 2826 1

333 2957 403 3006 aunt.
449 2964 524 3013 narn,
557 2948 628 3018 quod
651 2950 722 3002 omni
752 2965 786 3001 ex
815 2956 892 3016 parta
915 2947 1163 3013 veramundus
1189 2946 1241 3017 soii
1269 2954 1433 3001 reservatur.

334 3036 416 3091 quare
437 3037 516 3089 quum
534 3020 641 3085 multos,
657 3036 814 3090 quamquam
832 3020 920 3088 palam
937 3035 992 3072 non
1003 3036 1098 3106 magna
1114 3020 1214 3072 delicta
1233 3021 1432 3085 commiserunt,

331 3093 435 3162 anagnis
452 3100 540 3145 tamen
561 3091 638 3145 malis
655 3092 741 3159 palam
761 3091 833 3144 aldai
852 3093 943 3158 vides,
971 3107 1025 3144 non
1045 3094 1122 3160 inops
1142 3091 1250 3144 consilii
1272 3108 1332 3144 esse
1350 3089 1433 3144 debes

332 3163 379 3217 rol
400 3162 566 3216 dubitatione
578 3170 713 3228 aestuare,
732 3164 780 3217 sed
798 3163 851 3215 soli
870 3164 920 3215 deo
940 3166 1095 3230 permittere
1113 3165 1249 3227 iudicium,
1268 3164 1313 3231 qui
1334 3163 1434 3231 primas

332 3250 426 3288 causas
447 3236 527 3287 animi
545 3234 656 3287 lubricis
676 3235 814 3287 admodum
832 3234 865 3285 de
879 3235 929 3286 deo
947 3236 1098 3303 divinisque
1112 3236 1242 3303 dogmatis
1261 3234 1433 3301 opinionibus

331 3306 426 3359 imbuti
445 3307 585 3373 cognoscit
595 3320 683 3373 neque
696 3305 867 3372 plurimorum
880 3307 913 3357 de
927 3307 1001 3357 bisce
1012 3307 1091 3358 rebus
1102 3305 1237 3358 silentium
1248 3307 1292 3357 diu
1304 3306 1435 3375 obtegere

332 3378 446 3431 molinet
456 3389 536 3445 quum
545 3376 658 3428 aliorum
669 3384 723 3427 turn
735 3392 836 3441 eorum,
860 3378 904 3446 qui
925 3379 953 3429 in
970 3378 1118 3445 episcopali
1137 3378 1200 3429 sede
1212 3378 1347 3428 constituti
1362 3377 1433 3429 ultro

332 3464 392 3501 cum
408 3447 605 3516 magistratibus
626 3457 653 3500 et
673 3448 850 3514 potestatibus
877 3447 954 3500 huius
980 3450 1082 3501 saeculi
1110 3450 1211 3500 sentire
1229 3464 1283 3500 non
1304 3447 1434 3512 dubitant,

332 3536 384 3589 qna
410 3534 479 3573 vana
505 3516 593 3588 gloria
626 3527 652 3569 ct
679 3519 803 3583 fortuna,
822 3530 885 3586 'qua
915 3520 1054 3573 timoribus
1082 3520 1236 3588 quibusdam
1265 3521 1435 3586 temporariis

332 3592 414 3643 ducti.
452 3606 499 3644 sua
518 3590 588 3641 eninr
606 3598 703 3657 sponte
722 3592 831 3658 utrique
848 3591 899 3643 sibi
918 3600 945 3643 et
963 3593 1109 3645 universim
1129 3600 1156 3643 et
1173 3590 1326 3660 singulatim
1345 3592 1435 3642 uehe-

332 3671 436 3715 menter
456 3661 507 3715 sibi
526 3670 635 3726 nocent,
655 3677 734 3729 quum
753 3670 888 3713 aeternam
908 3662 1020 3731 gloriam
1049 3680 1108 3715 curu
1128 3671 1238 3715 aeterna
1257 3663 1435 3730 castigatione
1508 3721 1509 3734 ¹

333 3741 504 3787 commutent.
524 3745 583 3785 uam
601 3734 723 3801 proiecto
740 3733 763 3785 si
783 3733 814 3783 ad
834 3750 914 3785 uuum
936 3749 1028 3785 ornnes
1043 3735 1090 3787 vel
1109 3737 1193 3787 maior
1207 3734 1301 3787 saltem
1322 3749 1383 3801 pars
1402 3733 1436 3784 ad
1508 3785 1509 3798 ,

333 3805 443 3871 patriam
462 3804 540 3857 iidem
560 3805 750 3857 defendendam
769 3804 802 3855 ad
814 3820 891 3855 unam
910 3806 986 3874 quasi
1005 3806 1159 3858 athleticam
1181 3807 1265 3857 aciem
1285 3821 1346 3857 sese
1366 3820 1434 3857 con-

333 3876 487 3945 iungerent,
507 3875 572 3927 duas
605 3892 767 3944 roseasque
793 3877 905 3941 optimas
933 3878 1152 3929 nanciscerentur
1172 3876 1305 3945 simulque
1333 3876 1435 3928 duabus
1507 3921 1508 3946 2

332 3946 421 4012 iisque
440 3947 567 4011 pessimis
595 3947 778 4009 abstinerent,
797 3947 848 3999 sibi
869 3948 938 3999 enim
952 3950 1144 4032 ‘sempiternam
1170 3947 1282 4000 salutem
1301 3954 1436 4014 pararent,
1507 3949 1508 3956 ’

332 4017 521 4083 imperatorem
548 4032 613 4069 vero
640 4018 747 4069 beatum
771 3984 907 4083 iacerent,
936 4020 959 4072 si
980 4022 1004 4069 ei
1023 4021 1222 4086 persuaderent,
1243 4021 1297 4071 ut
1290 4036 1318 4071 ιιι
1338 4019 1436 4071 linibus

333 4094 413 4155 atque
431 4086 565 4153 dogmatis
584 4103 600 4139 a
621 4089 740 4154 patribus
767 4091 918 4142 constitutis
945 4099 1124 4173 permaneret.
1168 4106 1247 4159 quum
1272 4091 1342 4141 enirn
1361 4090 1438 4143 solus

333 4156 455 4211 omnibus
474 4159 603 4209 resistere
621 4174 676 4211 nou
695 4168 796 4225 posset,
815 4160 861 4213 uel
880 4162 981 4213 invitus
1008 4161 1077 4213 intra
1096 4162 1257 4214 concordias
1272 4162 1339 4213 lines
1360 4176 1437 4213 com.
1506 4183 1507 4226 3

333 4226 494 4296 pelleretur,
517 4229 543 4281 id
563 4230 634 4298 quod
653 4230 836 4295 compluribus
859 4232 920 4283 aliis
940 4231 993 4283 alia
1017 4235 1122 4285 ratione
1140 4233 1256 4300 aliisque
1272 4233 1437 4300 temporibus
1506 4241 1507 4246 ’

332 4298 432 4359 accidit
450 4306 598 4370 arquatum
616 4300 756 4357 nonnullis
769 4302 910 4370 interdum,
928 4311 987 4355 tour
1002 4302 1123 4373 piurimis
1141 4306 1254 4358 maxime
1271 4304 1305 4358 ad
1322 4304 1437 4359 ιιιΙιιτοιιι
