3184 5100
298 383 520 457 msnonrsn
546 384 804 459 οιιλισιαλο
832 394 926 462 xxx.
955 372 1084 465 s-t.
1198 384 1270 465 stt

166 550 324 638 persam,
349 552 393 629 οδς
413 554 586 619 κάντεῦθεν
604 557 649 640 μὴ
670 556 767 638 μόνον
789 546 951 677 ἐξόριστον
969 558 1117 643 peperisse
1134 559 1189 627 τόν
1209 585 1273 627 πα-

165 652 325 773 τριβρχην
341 658 436 774 βιαιφ
459 649 590 745 θανότφ
606 658 748 738 ιουβέου
769 661 908 742 περᾶσαι
915 686 989 781 την
1009 662 1167 745 τελευτήν,
1190 660 1301 727 stitit·
1317 664 1405 721 133V·
1473 700 1479 731 t

169 756 228 817 καί
255 756 319 817 τῶν
349 753 531 821 έπισιιόπιυυ
564 755 620 821 κατ’
649 764 874 842 πρεσβυτέρων
909 756 1019 827 ὁπόσοι
1037 757 1092 845 τὴν
1126 760 1272 829 ἔνστασιν

167 852 381 939 αἰιλδνητον”
359 879 456 939 εσχον
485 854 519 920 έν
540 866 608 933 τοῖς
630 862 763 944 δεινοῖς,
796 854 891 937 ἄλλος
914 855 1028 927 ἄλλοθι
1049 868 1102 947 τῆς
1125 866 1272 946 οἰκουμέ-

137 965 224 1041 5νης
246 954 433 1037 διωκόμενοι
461 957 692 1044 διεσπάρησαν.
749 966 793 1027 εἰδ
816 966 916 1045 λέγειν
946 959 1004 1037 σός
1035 964 1069 1029 έν
1089 962 1197 1051 εἱρκτῇ
1215 970 1272 1031 κατ’

169 1055 258 1146 ζόφῳ
280 1056 429 1142 θνησιιειν
450 1065 629 1142 συνέβαινε,
653 1065 708 1127 κατ’
728 1058 795 1128 ὅσοι
816 1070 898 1151 λιμῷ
921 1067 975 1129 κατ’
998 1068 1085 1149 δέψει
1109 1065 1161 1130 κατ’
1183 1066 1271 1187 πόση
1296 1068 1299 1077 ’

166 1159 232 1222 ταῖν
253 1161 432 1243 α’νπγπιιέιον
450 1164 646 1250 στενοχωρίᾳ
664 1167 782 1245 βιαίοις
800 1168 953 1241 θανότοις
977 1167 1171 1251 α’πηλλαξαν.
1217 1166 1271 1229 κατ’

166 1257 204 1323 τό
224 1283 259 1342 γε
279 1254 427 1341 pactast
411 1287 455 1326 οιι
477 1265 559 1347 μηδέ
583 1268 702 1351 ταφῆς,
723 1258 810 1349 οδγῆ
833 1270 887 1329 καὶ
909 1260 988 1349 ἥλιε,
1010 1264 1090 1369 πρός
1115 1270 1176 1331 rain
1198 1268 1270 1331 ε’πι-

164 1363 298 1445 τηδιέων
317 1360 487 1445 τυγχάνειν
508 1369 759 1447 συνεχωροόντο,
786 1368 867 1450 πλην
889 1358 909 1452 ἦ
925 1362 994 1431 ὅσοι
1015 1364 1093 1432 sesai
1117 1364 1152 1431 τό
1175 1373 1269 1452 λελη-

113 1459 226 1537 toste
247 1462 493 1560 παταρόττονισ.
525 1490 570 1529 ων
592 1466 667 1530 ου’δέ
687 1466 811 1533 τούτων
835 1465 1053 1551 ἀπέσχοντο
1023 1491 1052 1533 οι
1077 1467 1170 1545 κυνός
1192 1476 1267 1535 Λα·

166 1568 275 1649 καένης
297 1566 386 1648 δίκην
404 1565 646 1651 ῥινηλατοῦντις
668 1572 722 1633 κατ’
741 1565 978 1651 α’νιχνεόοντες,
1011 1567 1093 1635 α’λλό
1116 1568 1171 1635 καὶ
1194 1570 1268 1635 τοδ-

166 1690 229 1729 ιοεν
250 1668 355 1742 ένίους
389 1665 567 1749 οἷνιόρυξαν.
621 1664 705 1733 οδτιο
733 1672 881 1753 διωγμῶν
910 1666 1057 1735 όπόνταν
1086 1668 1268 1753 βαρύτατος

166 1764 285 1830 οδτοσέ.
328 1771 363 1829 σι’
378 1763 439 1851 peip
461 1766 590 1833 α’νόσειν
612 1765 742 1849 ἔμελλον
763 1776 867 1853 πλέον,
890 1774 937 1845 εἰς
958 1772 1151 1856 α’ναέσθητον
1172 1775 1267 1852 σῶμα

164 1867 224 1951 την
241 1868 297 1952 τῆς
315 1861 436 1931 όιόπου
465 1874 574 1953 ψυχῆς
606 1870 834 1957 ἀγνωμοσύνην
866 1870 1044 1955 ἐκχέοντεςς
1072 1876 1183 1961 θανεῖν
1204 1870 1266 1957 peip

113 1967 302 2053 λαόνιὶμιιη,
330 1969 386 2053 ζῆν
412 1964 487 2052 δίἲ
523 1974 616 2057 ταφῇ
644 1976 875 2059 καλυφθῆναι,
897 1973 1020 2037 τούτων
1052 1974 1080 2035 δ’
1104 1974 1267 2055 ου’δέιερον

163 2067 394 2153 ιεόοςοένόγιιη.
449 2068 500 2135 διό
523 2069 558 2135 τό
579 2077 639 2153 μέν
662 2072 716 2137 καί
736 2073 789 2165 μὴ,
812 2078 1016 2155 βουλομένων
1046 2072 1267 2157 α’νθροόποονῆ
1372 2106 1375 2123 ·

161 2172 262 2257 φύσις
280 2177 376 2256 τελεῖ,
395 2170 430 2237 τό
455 2174 485 2236 δ’
506 2176 540 2237 έν
559 2178 598 2261 τῇ
619 2179 804 2257 προαιρέσει
827 2177 967 2256 κείμενον
990 2176 1052 2238 τῶν
1085 2181 1267 2259 περιλειπο-

161 2276 267 2353 μένων
291 2270 427 2360 ’ἔλεγχος
458 2272 614 2356 ὁποτέρου
635 2279 756 2358 γίνεται
786 2279 898 2354 δυοῖν,
932 2272 989 2338 εἴτ’
1023 2276 1175 2353 α’πσνοιάς
1205 2274 1266 2341 εἴτε

163 2374 326 2455 προνοίας.
348 2380 403 2458 τῆς
421 2374 462 2458 δὴ
483 2373 635 2460 τοιπότης
655 2374 947 2461 περικλονησεως”
927 2400 1017 2460 ορμον
1038 2372 1193 2460 γινόμεθα
1213 2380 1300 2443 eata

111 2474 267 2560 Ξθημεές,
291 2478 331 2539 ου’
349 2476 538 2560 βουλόμενοι
553 2485 622 2553 ταῖς
646 2481 775 2554 αἰὸποις
790 2483 1017 2564 καινοφωνιίιις
1036 2478 1176 2541 υπεέιιειν
1189 2482 1265 2543 Ποι-

165 2580 256 2658 λπμοῖ
278 2579 424 2642 τουιουέ·
468 2578 593 2643 ὁπόσων
614 2603 649 2662 ys
669 2576 735 2662 μην
757 2580 812 2644 καί
830 2580 892 2644 τιόν
913 2571 1025 2645 δεινῶν
1044 2575 1265 2702 πεπειρόμεθα

161 2677 219 2742 διδ
247 2681 364 2765 ταῦτα,
393 2685 621 2767 παραπέμπειν
653 2681 765 2757 όκοαις
803 2679 1020 2767 οἶνθρωπιναις
1056 2679 1095 2744 sti
1127 2675 1265 2744 πόνοιο

163 3026 222 3066 enm
246 3010 351 3082 quidem
377 3011 492 3065 omnium
516 3013 739 3067 terribilissimam
765 3021 792 3066 et
810 3013 1010 3079 atrocissimam,
1036 3013 1073 3066 ita
1091 3021 1121 3065 nt
1139 3013 1207 3066 bane
1228 3010 1262 3067 ob

159 3089 290 3137 betunen
315 3083 401 3136 sninm
424 3086 575 3152 pntrinrebn
604 3085 731 3153 erpuinus
756 3093 842 3137 morte
866 3085 988 3138 violenta
1014 3086 1084 3137 niam
1111 3099 1262 3153 supremum

160 3156 260 3219 abiret,
279 3157 326 3208 sed
346 3158 425 3207 ettam
445 3159 632 3240 epiecopormu
654 3166 681 3209 et
700 3157 918 3224 presbyterorum
938 3163 1068 3225 qumquot
1086 3157 1114 3207 in
1131 3157 1261 3223 perieulis
1287 3183 1293 3192 ‚

161 3235 328 3279 constantem
355 3229 429 3279 vitae
456 3230 586 3280 rationem
611 3229 755 3293 tenebant,
775 3229 843 3280 alius
872 3228 925 3278 alio
953 3241 1001 3294 per
1020 3227 1111 3280 orbem
1130 3236 1261 3281 terrarum

158 3301 291 3368 exagitati
309 3300 512 3366 dissiparentur.
560 3302 652 3352 emitto
677 3317 803 3364 narrare,
827 3301 922 3368 quibus
943 3300 1081 3384 acciderit
1102 3306 1131 3350 at
1149 3301 1177 3349 iu
1200 3315 1261 3352 can-

159 3386 226 3422 cere
246 3380 274 3422 et
288 3373 408 3423 tenebris
426 3373 555 3424 interient
572 3387 719 3442 omnesque
737 3375 783 3441 qui
804 3372 872 3423 fame
892 3380 919 3423 et
938 3372 981 3423 siti
1002 3379 1029 3422 et
1047 3373 1260 3422 necessariorum

159 3443 274 3510 penuria
293 3451 378 3494 morte
391 3443 513 3495 vroleuta
532 3445 711 3497 desererem:
733 3453 760 3495 et
772 3445 802 3495 ιδ
816 3444 886 3512 quod
902 3445 980 3494 etiam
999 3457 1109 3512 pravius
1122 3449 1171 3505 est
1190 3441 1261 3509 quod

68 3550 69 3557 ι
156 3527 196 3565 ne
210 3513 368 3580 sepulcrum
379 3516 494 3582 quidem
511 3523 609 3567 eterra
629 3525 656 3568 et
668 3516 720 3580 sol
738 3524 768 3567 ut
784 3515 913 3566 baberent
925 3531 975 3583 per
989 3522 1127 3583 cognatos
1146 3528 1181 3564 ιιε
1192 3527 1260 3564 σου

158 3599 265 3636 eessnm
276 3592 327 3650 est,
340 3587 393 3637 nisi
407 3588 559 3655 quicunqne
570 3587 639 3639 clam
651 3588 836 3651 humabantur,
848 3601 1004 3655 quamquam
1013 3601 1048 3637 ne
1056 3586 1089 3636 ab
1104 3586 1144 3637 bis
1154 3585 1259 3653 quidem

156 3657 213 3708 sibi
224 3657 410 3724 temperabant
424 3657 467 3708 iili
481 3661 555 3710 canis
574 3659 723 3712 Laconicae
742 3661 826 3710 instar
846 3659 988 3709 odorantes
1006 3664 1033 3708 et
1049 3658 1259 3725 investigantes:

159 3729 208 3780 sed
228 3728 320 3780 borum
336 3744 443 3814 quoqne
454 3729 599 3783 nonnniias
616 3731 760 3795 eruebant,
776 3730 845 3781 baec
858 3730 941 3796 igitur
960 3729 1076 3780 omnium
1089 3728 1259 3794 persecutio

158 3814 222 3850 num
239 3800 290 3852 fuit
308 3802 474 3868 gravissima.
500 3803 563 3885 quiet
579 3805 649 3854 enim
666 3802 779 3869 amptius
799 3802 964 3852 committere
975 3807 1099 3868 poteraut
1119 3800 1147 3850 in
1163 3813 1258 3865 corpus
1350 3823 1353 3832 ·

159 3886 242 3923 sensu
261 3887 355 3923 carena
374 3875 455 3924 anirni
475 3875 559 3940 inepti
577 3875 753 3944 ignorantiam
773 3873 949 3924 effundentes.
981 3887 1041 3922 narn
1058 3872 1125 3922 mori
1146 3885 1259 3922 necesse

158 3950 216 4005 est3
245 3944 316 4012 ηιιοδ
334 3952 423 3996 autem
444 3946 640 3997 asbtinendum
663 3954 710 3997 aut
727 3944 890 4028 sepulturam
913 3945 1007 3995 attinet
1026 3943 1119 3994 bonurn
1138 3950 1259 3994 neutrum

159 4015 269 4076 omnino
282 4031 397 4068 neeesse
415 4025 474 4070 est·
497 4026 607 4101 prppter
626 4018 697 4085 quud
715 4016 828 4068 alterum
848 4017 926 4068 etiam
938 4017 1032 4067 invitis
1045 4015 1195 4066 bominibus
1208 4029 1259 4066 na-

156 4095 219 4139 tura
238 4089 359 4154 perficit.
386 4087 532 4140 aiterum
524 4106 553 4140 ru
578 4089 718 4141 voluntate
749 4089 863 4154 positum
891 4089 1063 4155 superstitum
1089 4089 1193 4156 signum
1219 4092 1260 4138 est

156 4158 357 4212 alteriusutrius
374 4175 423 4212 aus
448 4162 599 4213 dementiae
624 4169 670 4212 aut
697 4161 863 4227 prudentiae.
899 4160 949 4211 tali
974 4161 1057 4228 igitur
1081 4159 1258 4210 insectatione

156 4231 292 4283 aiiicimar
312 4233 391 4284 etiam
409 4247 470 4296 nos,
492 4233 657 4302 quiquidem
675 4233 785 4299 ineptae
797 4247 894 4284 vocum
907 4233 1021 4284 novitati
1041 4230 1162 4284 Palamae
1181 4229 1257 4280 istius

151 4301 300 4374 indulgere
317 4304 445 4358 uelimus.
482 4307 570 4358 omnia
588 4301 695 4375 quidem
712 4303 801 4371 mala,
822 4319 890 4373 quae
914 4312 1058 4373 propterea
1083 4301 1186 4372 experti
1208 4313 1257 4352 su-
