3184 5100
174 353 178 362 ¹
235 365 498 495 ἰιιετοιιλτ
524 422 781 491 aminnium
804 410 1128 496 muti-15.
1185 416 1257 497 481

151 588 274 665 θέλων,
299 590 405 674 φησίν,
427 586 447 652 ό
466 589 541 662 θεὸς
569 585 745 670 μετέχεται,
770 584 857 673 αὐτῷ
878 586 963 671 μόνῳ
998 589 1156 654 δεέκννοιν
1180 584 1262 655 εἶναι

151 686 357 772 καταληπτόν
375 691 421 773 τῷ
443 690 521 773 θεῷ,
543 696 607 763 τοῖς
630 689 661 749 δ”
686 683 794 761 ἄλλοις
816 689 915 750 πᾶσιν
931 686 1139 773 οἷνέκφαντον·
1184 688 1201 753 ὁ
1227 692 1261 755 δὲ

140 792 327 871 -Παλαμᾶς
350 788 544 874 φαινομένην
564 790 673 852 τοῦτον
693 790 800 855 καλῶν
823 786 992 871 ἐνέργειαν,
1015 786 1070 872 τὴν
1090 792 1145 853 τοῦ
1169 788 1260 875 ἅγιόν

155 890 349 974 διαστρέφει
388 890 550 965 διάνοιαν,
578 887 812 971 κακομηχόνως
842 886 1057 969 μετοχετεόων
1080 892 1136 977 ,εἰς
1166 887 1188 954 ι”έ
1217 918 1262 977 μη

117 992 217 1062 5δεί
267 994 366 1055 έκεῖνο
389 993 433 1068 ,δὲ
465 995 532 1067 πῶς
570 990 625 1054 οὐκ
661 988 809 1066 α’ναιδές,
849 992 895 1075 τῷ
926 991 986 1071 μὲν
1014 989 1138 1075 Ἕλληνι
1165 992 1328 1075 flod-u

152 1096 232 1175 κλιμ,
255 1092 310 1156 καὶ
333 1094 430 1156 πάνθ’
458 1090 601 1176 όμοδόξιρ
625 1090 814 1166 Πλάτωνος,
848 1087 1013 1170 ὁμοδοξεῖν
1039 1092 1099 1173 μὲν
1127 1090 1183 1155 καί
1203 1092 1260 1156 α’λ-

152 1196 246 1277 λαχῇ
272 1196 439 1278 πολλαχῇ,
459 1190 547 1256 καθὰ
569 1193 624 1255 καί
653 1192 795 1276 πρόσθεν
826 1187 903 1274 ἡμῖν
927 1190 1005 1253 κατιὶ
1034 1193 1096 1255 τῶν
1118 1192 1260 1277 πρόσθεν

154 1292 256 1355 αότοῢ
275 1297 490 1378 βλασφημιῶν
503 1297 537 1356 ὲν
553 1301 624 1369 ταῖς
637 1291 807 1377 προτέραις
826 1288 916 1373 ἡμῶν
935 1291 1157 1377 α’ντιρρήσεσιν
1177 1294 1258 1357 α’πο-
1304 1328 1311 1339 ·

154 1392 325 1469 δέδεικται,
349 1391 456 1456 ἔπειτα
484 1395 568 1477 μηδὲ
593 1394 648 1456 νῦν
677 1392 730 1456 ἐπὶ
750 1394 847 1474 τῆσδε
868 1393 923 1475 τῆς
952 1393 1071 1457 έκεένον
1094 1395 1260 1470 κοινωνίας

95 1514 140 1566 10
152 1494 350 1576 ἐκλελῆσθαι
364 1494 527 1573 ἐνταῦθα,
549 1494 633 1577 λέγει
652 1494 713 1578 γάρ
736 1517 798 1557 που
822 1499 891 1567 ταῖς
913 1492 1009 1555 αὐτοῦ
1031 1492 1087 1558 καί
1108 1493 1259 1578 Πρόκλος

152 1598 356 1678 θεόλογικαῖς
388 1595 618 1680 έμιγιλοσορῶν
649 1594 869 1671 ἀποδείξεσιν,
903 1590 951 1659 ὅτι
984 1597 1047 1658 πᾶν
1067 1594 1102 1659 τό
1125 1590 1259 1677 μετέχον

150 1695 211 1756 τοῦ
235 1692 447 1774 μετεχομένου
471 1693 717 1778 καταδεέστερον
738 1692 793 1756 καί
813 1693 847 1757 τὸ
869 1692 1079 1775 μετεχόμενον
1098 1696 1155 1759 τοῦ
1179 1695 1256 1777 ἅμε-

152 1792 290 1857 blame·
344 1792 378 1857 τό
408 1793 470 1881 γὰρ
501 1795 635 1877 μετέχον
660 1794 721 1879 πρό
742 1798 799 1877 τῆς
826 1793 987 1876 μεθέξεως
1010 1796 1115 1871 ἀτελὲς
1137 1793 1181 1873 ὄν,
1204 1797 1254 1861 τέ-

152 1898 240 1956 λειον
261 1894 297 1958 δὲ
317 1896 359 1978 τῇ
376 1893 507 1975 μεθέξει
529 1880 701 1978 γινόμενον,
726 1893 871 1975 δεότερόν
884 1896 951 1957 ἐστι
973 1893 1097 1970 πόντως
1118 1898 1175 1959 τοῦ
1195 1920 1253 1978 με-

96 1993 345 2074 ιὸτεχομένου,
377 1991 460 2055 sabb
491 1993 610 2057 τέλειόν
631 1996 698 2057 ἐστι
725 1993 900 2076 μετασχόν·
952 1990 971 2057 ό
993 1996 1054 2079 γὰρ
1079 1994 1185 2070 ἀτελὲς
1205 1989 1253 2079 ἦν,

150 2092 235 2157 κατὰ
254 2096 346 2158 τοῦτο
377 2095 435 2156 τοῦ
453 2094 719 2176 μετασχεθέντος,
754 2091 773 2157 ὃ
801 2100 889 2157 ποιεῖ
905 2092 1024 2157 τέλειον
1047 2093 1131 2171 αὐτό,
1154 2120 1252 2159 κατα-

152 2191 327 2278 δεέστερον.
368 2190 404 2256 τό
428 2193 715 2286 δὲκμετεχόμενον,
738 2192 822 2267 τινός
845 2189 880 2257 όν
905 2192 960 2257 καί
982 2192 1019 2256 ori
1041 2193 1173 2285 πόντων,
1197 2196 1253 2258 τοῦ

151 2294 278 2356 πιόντων
301 2290 388 2369 ὄντος
408 2295 463 2358 καί
486 2294 522 2357 ori
546 2293 630 2369 τινός
652 2296 747 2358 πόλιν
769 2293 942 2381 όφειμένην
965 2294 1079 2375 ἔλαχεν
1100 2293 1251 2380 ὕπαρξιν·
1300 2342 1305 2377 ,
1346 2313 1351 2317 ’

148 2390 186 2457 τό
204 2394 263 2476 μὲν
282 2392 342 2478 γὰρ
362 2399 409 2481 τῷ
430 2395 555 2481 πάντων
570 2396 660 2481 αἰτιλμ
675 2396 927 2482 συγγενέστερον,
949 2395 983 2461 τὸ
1007 2398 1041 2460 δὲ
1064 2388 1154 2479 ἦττον
1176 2419 1254 2480 συγ-

97 2494 248 2580 ρθγινές.
310 2494 434 2580 ἡγεῖται
464 2493 528 2581 ἄρα
557 2497 591 2562 τό
626 2497 686 2581 μὲν
720 2496 893 2581 α’μέθεκτον
928 2499 990 2564 τῶν
1023 2494 1277 2581 μετεχομένων,”

149 2599 249 2660 ταῦτα
273 2597 308 2660 δὲ
329 2601 392 2661 τῶν
411 2599 618 2681 μετεχόντων.

247 2693 342 2785 Ὁρᾷς
363 2701 431 2774 πῶς
449 2699 504 2762 καί
527 2700 678 2784 Πρόκλος
701 2701 818 2775 ἐκεῖνος
845 2695 863 2764 ό
884 2705 951 2775 τοῖς
983 2698 1127 2775 εἰδιόλοις
1149 2715 1317 2784 προσ-ιε

150 2804 293 2880 κείμενος
312 2807 399 2884 τρεῖς
414 2801 622 2912 παραδίδωσι
637 2802 750 2879 τέξεις,
771 2801 827 2865 καί
839 2802 881 2886 τῇ
901 2801 960 2884 μὲν
981 2801 1089 2888 πριότῃ
1110 2800 1146 2866 τὸ
1172 2799 1250 2883 ἀμέ-

152 3049 205 3104 quo
223 3035 288 3086 dens
321 3049 351 3085 se
375 3035 504 3102 cognosci
524 3033 598 3098 vult,
628 3036 654 3085 ei
673 3036 790 3087 ostendit
819 3047 879 3087 csse
901 3034 1169 3102 comprehensibilem
1188 3037 1249 3101 (ico,

154 3107 252 3158 ceteris
272 3106 394 3156 omnibus
415 3107 587 3173 incognitam.
630 3105 750 3160 Palomas
774 3115 862 3157 autem
893 3107 968 3157 illum
991 3121 1090 3158 vocans
1116 3122 1250 3172 apparen-

150 3187 203 3229 tem
225 3179 368 3240 virtutem,
392 3180 476 3228 sancti
502 3179 659 3228 sententiam
679 3179 826 3244 pervertit,
847 3176 940 3228 dolose
961 3193 1008 3241 eo,
1029 3193 1081 3244 quo
1100 3193 1154 3229 non
1176 3177 1249 3240 licet,

123 3245 128 3252 ’
151 3249 331 3316 perducendo.
369 3265 458 3299 noune
477 3250 637 3314 impudentis
656 3258 706 3312 cst,
726 3265 785 3299 cum
807 3249 908 3300 Graeco
928 3248 976 3300 illo
999 3249 1103 3312 Proeto,
1123 3249 1167 3314 qui
1191 3264 1249 3299 cum

152 3321 260 3372 Platone
279 3320 386 3370 oruniuo
405 3322 548 3394 consentit,
568 3328 594 3370 et
612 3321 764 3371 consentire
777 3320 867 3370 multis
886 3319 947 3370 aliis
966 3319 1051 3382 locis,
1070 3328 1099 3370 ut
1117 3326 1195 3370 autea
1216 3320 1249 3370 do
1272 3339 1287 3354 ·

153 3393 208 3442 eius
238 3391 408 3456 blasphemiis
441 3393 531 3457 primis
562 3392 660 3441 nostris
686 3392 892 3442 refutationibus
921 3393 1104 3453 ostendimus,
1133 3391 1194 3441 dein
1214 3405 1249 3442 uo

150 3479 220 3513 nunc
239 3459 353 3530 quidem
365 3463 439 3512 illius
455 3453 667 3528 participationis
686 3461 833 3513 obliviscit
869 3463 934 3514 dicit
954 3463 1022 3512 enim
1039 3461 1149 3512 Proolus
1168 3461 1248 3512 theo.

151 3534 246 3600 logicis
271 3549 334 3583 osus
361 3533 634 3601 argumentationibus
646 3544 664 3584 τ’
680 3549 759 3584 omne
779 3534 848 3601 quod
874 3535 1051 3584 communicet
1068 3549 1128 3583 esse
1146 3533 1248 3598 imper.

153 3606 246 3656 lectius
274 3621 351 3672 quam
371 3605 440 3672 quod
464 3606 691 3669 conimunicetur‚
723 3613 750 3656 et
776 3607 802 3655 id
831 3606 900 3672 quod
921 3605 1144 3666 communicetur,
1170 3617 1248 3670 quam

152 3677 219 3744 quurl
239 3677 427 3726 communicari
446 3683 571 3742 nequeat.
592 3676 661 3742 quod
682 3678 752 3726 enim
772 3677 953 3727 communicet
972 3675 1006 3726 ob
1026 3675 1246 3726 communicatio.

151 3763 210 3797 nem
245 3748 429 3812 imperfectum
461 3747 607 3812 perlectum
644 3756 730 3798 autem
761 3763 811 3814 per
837 3743 1106 3798 'communicationem
1139 3745 1245 3809 lactum,

151 3819 257 3868 omnino
278 3820 471 3869 communicato
491 3819 634 3868 secundum
655 3826 710 3881 est,
729 3826 860 3886 quatenus
886 3819 1083 3868 communicans
1097 3818 1246 3883 perlectum

153 3889 277 3955 estquod
299 3891 368 3939 enim
389 3889 573 3955 imperfectum
601 3890 667 3953 fuit,
692 3891 724 3939 ad
745 3889 812 3940 illud
832 3890 1049 3939 communicatum
1069 3891 1139 3955 quod
1158 3890 1244 3954 ipsum

151 3957 296 4027 perlectum
316 3960 416 4022 reddit,
440 3960 624 4024 imperiectum
643 3969 692 4011 est.
714 3962 782 4026 quod
799 3961 1007 4010 communicatur
1026 3975 1084 4010 cum
1107 3959 1197 4028 aliquo
1218 3968 1245 4012 et

151 4047 201 4082 non
221 4047 279 4082 cum
298 4031 429 4091 omnibus,
450 4032 507 4079 eius
529 4030 598 4097 quod
619 4033 772 4081 universum
785 4039 826 4081 est
846 4039 872 4080 et
892 4045 946 4080 non
965 4031 1078 4082 alicuius
1099 4032 1244 4082 subiectum

151 4109 307 4153 consecutus
326 4109 366 4152 est
388 4102 538 4152 essentiam.
583 4100 635 4152 boc
662 4103 732 4164 enim
761 4103 882 4152 universi
902 4109 1009 4152 causato
1037 4105 1122 4170 inagis
1141 4118 1244 4170 cogua-

149 4183 211 4237 tom‚
230 4173 297 4238 illud
317 4174 402 4223 minus
421 4180 571 4237 cognatum.
614 4181 733 4238 praestat
751 4173 833 4240 igitur
859 4173 1108 4226 incommunicabile
1123 4189 1244 4226 commu.

148 4247 250 4310 nicatis,
271 4246 463 4295 communicata
483 4243 571 4295 autem
590 4246 857 4296 communicantibus.

243 4333 377 4400 Videsne,
416 4335 548 4403 quomodo
577 4334 687 4388 l’roclus
713 4335 764 4390 ille
793 4336 874 4390 idolis
905 4339 1024 4391 addictus
1057 4345 1112 4392 tres
1140 4349 1243 4407 propo.

233 4435 396 4507 Nicephorius
408 4436 519 4506 (ἕτερον.
546 4435 601 4489 Vol.
614 4436 668 4492 m.
858 4456 860 4461 ’
980 4497 985 4506 p
1021 4437 1054 4490 ³1
