3184 5100
327 329 412 432 tm
636 365 860 437 armisoni
890 366 1118 435 onsoonss:

338 531 428 593 θεῖον
448 528 548 593 εἰπεῖν
567 530 752 609 Διονύσιον,
777 528 810 595 αἱ
832 530 986 615 μυστικαί
1015 532 1078 595 τοῖν
1101 528 1216 614 λογίων
1238 523 1451 613 παραδόσεις

337 630 394 695 καί
414 627 458 706 oie
479 633 549 717 φῶς
571 630 805 697 ἀναπλάττουσι
826 633 881 696 καί
905 630 988 716 ζωὴν
1012 630 1236 697 ἀποκαλοῦσιν.

300 738 329 792 0
430 729 499 796 “On
518 732 578 812 μὲν
607 726 664 796 ούν
686 730 741 797 διά
772 732 943 816 συμβόλων
971 730 1026 796 καὶ
1048 731 1154 795 τύπων
1184 732 1389 811 σωματικῶν
1413 726 1448 791 ού

337 832 434 915 μόνον
465 829 484 897 ό
515 830 591 909 θεός
611 829 722 918 δμιλεῖ
747 840 813 909 τοϊς
836 832 1036 918 ἀνθρώποις,
1068 828 1149 895 ἀλλὰ
1181 831 1236 896 καί
1254 830 1286 893 οἱ
1311 824 1447 913 ἀγγελοι

336 933 453 1016 κτίσμα
474 927 582 1010 ἀντες,·
600 930 727 1019 εἴρηταί
741 957 775 997 τε
804 933 859 998 καί
888 936 943 997 νύν
965 932 1058 996 πάλιν
1082 928 1136 994 διοὶ
1166 929 1322 1015 βραχέων
1345 930 1464 1013 ἐροῦ-5

335 1056 404 1116 μεν.
448 1032 530 1119 φησί
555 1032 617 1119 γάρ
647 1031 787 1118 ὄμίγιις
820 1031 916 1109 εύθύς
936 1032 1104 1115 Διονύσιος
1122 1028 1164 1107 ὥς
1187 1030 1243 1095 καί
1262 1027 1323 1105 τὰς
1346 1030 1444 1105 θείας

337 1131 467 1218 ύράσεις
488 1130 517 1197 οἱ
539 1134 656 1199 κλεινοὶ
685 1134 819 1219 πατέρες
847 1131 939 1217 ἡμῶν
965 1135 1118 1216 ἒμυοῢντο
1153 1130 1207 1196 διὰ
1235 1129 1350 1213 μέσων
1378 1134 1442 1194 τῶν

336 1232 494 1318 οὐρανίων
539 1232 715 1315 δυνάμεων.
772 1233 829 1297 καί
863 1231 919 1317 τὴν
951 1230 1041 1317 ἱερόν
1075 1234 1132 1295 τοῦ
1168 1230 1268 1313 νόμον
1313 1234 1440 1312 θεσμο-

335 1334 451 1399 θεσίαν
475 1334 515 1397 δι’
541 1332 680 1418 ἀγγέλων
713 1334 758 1410 εἰς
789 1332 874 1417 ἡμᾶς
907 1336 1082 1419 προελθεῖν·
1106 1332 1249 1397 διδάσκει
1276 1328 1441 1417 σαφῶςῆ

335 1435 486 1519 θεολογία
509 1431 552 1510 ιδς
573 1436 628 1517 τῆς
651 1436 854 1519 θεωνυμικῆς
873 1436 992 1514 τάξεως
1014 1435 1113 1497 ἐκεῖνο
1133 1431 1383 1516 νομοθετούσης,
1405 1429 1439 1495 τό
1449 1455 1473 1507 1⁰

203 1533 392 1599 tametsi
414 1538 477 1599 τῶν
501 1534 635 1621 πρτότων
654 1535 694 1599 τά
716 1534 848 1622 δεύτερα
870 1526 1004 1621 πρόςτύ
1036 1539 1124 1599 θεῖον
1149 1534 1339 1619 ἀνάγεσθαι.
1385 1534 1441 1597 καί

335 1636 377 1721 τῇ
398 1634 549 1720 παρθένῳ
574 1636 607 1700 δὲ
627 1634 662 1700 τό
684 1640 774 1701 θεῖον
804 1638 980 1721 μυστήριον
1002 1631 1130 1720 ἀγγελος
1157 1629 1195 1718 ἦν
1217 1632 1357 1715 κομίσας
1384 1632 1439 1696 ἀν-

340 1736 494 1823 θρωπίνῳ
517 1737 608 1822 τύπῳ,
623 1738 683 1804 ,καί
702 1737 853 1821 σχήματι.
895 1740 1033 1813 καὶτοῖς
1059 1734 1205 1819 ποιμέσιν
1225 1730 1358 1819 ἅγγελος
1381 1756 1440 1796 κυ-

338 1837 410 1924 ρίου
440 1837 510 1903 τότε
533 1839 632 1924 φησίν
663 1838 793 1923 ε’πίστη,
816 1839 871 1903 καί
894 1838 970 1917 δόξα
997 1837 1111 1923 κυρίου
1134 1837 1357 1923 περιέλαμψεν
1380 1831 1440 1897 αύ-

271 1937 417 2018 Ιῠτούς.
440 1938 497 2003 καί
517 1936 572 2003 τόν
593 1940 634 2003 δι’
652 1937 791 2024 ἀγγέλων
812 1936 1003 2022 λαλούμενον
1023 1938 1114 2022 λόγον
1133 1934 1282 2021 γίνεσθαι
1302 1934 1441 2016 βέβαιον
1448 1954 1473 2008 15

337 2038 510 2123 ἀκούομεν·
553 2037 610 2115 τὰς
629 2038 691 2125 γὰρ
714 2035 832 2115 ἀύλους
858 2038 1027 2126 ἱεραρχίας
1061 2035 1186 2113 ύλαίοις
1212 2035 1361 2119 σχήμασι
1383 2033 1441 2097 καί

258 2149 262 2162 ’
330 2147 558 2227 μορφωτικαῖς
580 2140 752 2205 συνθέσεσι
774 2140 1002 2206 διαποικιλασα
1020 2138 1250 2223 παραδέδωκεν
1271 2133 1294 2219 ἦ
1313 2137 1439 2201 Διονυ-

335 2240 409 2307 σίου
428 2244 485 2305 τοῦ
506 2242 596 2306 θείου
620 2241 750 2323 βίβλος·
793 2240 831 2303 ού
849 2239 910 2327 γὰρ
934 2240 1068 2305 δυνατόν
1085 2263 1164 2325 φησι
1181 2240 1227 2324 τῷ
1247 2239 1326 2299 καθ’
1351 2233 1441 2320 ἡμᾶς

334 2342 382 2426 νῷ
405 2338 486 2426 πρός
507 2338 564 2424 τὴν
589 2336 686 2403 ἀύλον
707 2338 829 2424 ἐκείνην
853 2339 1050 2424 ἀναταθῆναι
1065 2340 1128 2402 τῶν
1148 2336 1305 2421 οὐρανίων
1320 2332 1439 2420 ἱεραρ-

333 2444 417 2521 χιῶν
438 2440 583 2526 ῗμίμησίν
605 2462 639 2503 τε
673 2442 729 2504 καὶ
748 2440 921 2526 δθεωρίαν,
945 2441 974 2504 εἰ
997 2438 1041 2523 μὴ
1068 2441 1109 2525 τῇ
1129 2443 1196 2502 καί
1220 2434 1315 2499 αύτόν
1338 2432 1472 2523 ύλαίᾳγρ

332 2540 532 2629 χειραγωγίρι
552 2540 721 2626 χρήσαιτο.
774 2540 976 2628 λειτουργικὰ
1006 2538 1067 2627 γὰρ
1091 2538 1120 2606 οἱ
1143 2534 1268 2624 ἀγγελοι
1279 2585 1289 2614 ,
1326 2535 1438 2622 φησίν,

335 2641 400 2706 εἰσί
422 2639 594 2723 πνεύματα,
610 2639 691 2726 πρὸς
713 2643 876 2707 διακονίαν
898 2641 1163 2723 ἀποστελλόμενα.
1205 2637 1261 2702 καί
1278 2637 1326 2723 τῷ
1350 2639 1438 2721 Χρι-

334 2743 401 2829 στῷ
425 2737 610 2829 δὲζάγγελοι
632 2741 818 2827 διηκόνουν,
849 2742 947 2838 φησίν
978 2740 999 2827 ἡ
1026 2741 1147 2828 γραφή.
1201 2739 1257 2804 καί
1280 2737 1440 2824 ἀγγέλους

405 2908 501 2963 1.τοῦ
521 2909 605 2982 δγίυυ
622 2913 777 2968 Διονυσίου
794 2911 826 2970 ἐκ
850 2910 902 2966 τού
918 2915 985 2982 περὶ
1004 2911 1052 2980 τῆς
1070 2865 1203 2985 οόρινίόυ
1222 2909 1369 2982 λεραρχίας
1390 2927 1438 2966 κε-

405 2983 537 3052 φαλαίου
553 2981 679 3054 κρότου.
1235 3025 1240 3036 ,

333 3142 387 3252 torsit
409 3128 600 3252 septentiam
623 3129 780 3182 traditiones
810 3136 933 3198 tanquam
958 3127 1058 3182 lumina
1077 3125 1235 3180 collustrant
1255 3133 1283 3178 et
1298 3127 1382 3180 sitam
1402 3129 1438 3182 iis

387 3214 441 3252 nnn
455 3236 462 3252 .
1223 3235 1235 3264 τ

432 3293 461 3347 iii
479 3295 585 3364 quidem
603 3295 731 3362 symbolis
752 3303 779 3347 et
791 3295 884 3348 formis
903 3296 1040 3363 corporeis
1060 3309 1114 3347 non
1134 3294 1220 3347 solum
1239 3295 1306 3348 deus
1325 3295 1436 3348 locotus

255 3393 259 3410 ι
334 3372 453 3417 estotim
479 3366 645 3431 hominibus,
679 3383 773 3419 rernm
800 3369 879 3418 etiam
906 3367 996 3436 angeli
1024 3367 1126 3430 creati,
1156 3374 1185 3417 nt
1203 3367 1254 3418 iam
1271 3367 1386 3418 diximus
1409 3376 1437 3419 et

332 3451 404 3490 nuno
422 3439 515 3504 paneis
533 3439 629 3488 iterum
647 3439 774 3491 dicemus.
813 3439 878 3490 dicit
897 3440 966 3490 enirn
991 3453 1101 3506 magnus
1119 3437 1264 3504 Dionysius
1283 3446 1374 3504 patres
1396 3439 1436 3489 il.

331 3507 431 3560 lustros
450 3507 643 3576 contemplatos
661 3525 722 3561 esse
732 3510 810 3560 deum
824 3525 873 3576 per
885 3511 984 3561 medias
1003 3508 1139 3560 coeloram
1152 3512 1264 3560 virtutes
1282 3517 1310 3560 et
1330 3523 1436 3560 sacram

332 3579 404 3651 logis
424 3582 640 3632 constitutionem
659 3596 708 3647 per
726 3579 839 3649 angelos
860 3581 891 3632 ad
910 3595 959 3632 nos
980 3581 1087 3632 venisse
1111 3587 1203 3646 aperto
1222 3579 1302 3632 dooet
1320 3579 1435 3632 theolo-

332 3651 378 3718 gia
398 3657 425 3702 et
446 3651 536 3702 divina
553 3651 599 3703 lex
632 3652 707 3702 iubet
736 3667 769 3702 ox
787 3653 926 3718 principiis
953 3653 1145 3718 consequentia
1168 3651 1201 3702 ad
1228 3651 1306 3702 deum
1323 3651 1435 3704 referri.

332 3721 433 3788 virgini
453 3722 572 3773 (livinum
592 3724 747 3789 mysterium
766 3723 856 3775 attulit
877 3723 989 3791 angelus
1014 3723 1063 3774 sub
1083 3723 1196 3773 humano
1214 3722 1299 3773 forma
1319 3729 1347 3774 et
1367 3737 1435 3789 spe.

333 3791 392 3854 oie,
421 3799 448 3842 et
466 3793 615 3858 pastoribus
640 3792 755 3861 angelus
780 3794 896 3857 domini,
926 3795 1029 3862 inquit,
1054 3795 1137 3846 astitit
1163 3801 1189 3844 et
1214 3792 1303 3862 gloria
1332 3793 1435 3846 domini

333 3861 512 3912 circumdabat
530 3878 577 3916 eos
596 3871 624 3915 ot
642 3864 751 3916 verbum
770 3879 819 3930 por
842 3865 953 3932 angelos
973 3865 1121 3916 nuntiatum
1141 3879 1201 3916 esso
1219 3879 1267 3931 pro
1287 3873 1363 3916 creto
1382 3881 1436 3916 au-

296 3971 301 3978 .
333 3931 458 3983 divimus.
495 3949 555 3984 nam
574 3950 663 3986 moras
683 3933 853 3986 Hierarohiris
872 3939 1047 4002 incorporeas
1067 3937 1205 4002 corporeis
1224 3935 1386 4003 imaginibus
1408 3942 1436 3985 et
1498 3989 1499 4004 ρ

334 4001 477 4053 formarum
496 4007 692 4071 compositione
710 4007 839 4058 variatam
857 4008 963 4058 tradidit
982 4007 1009 4058 S.
1029 4007 1153 4072 Dionysii
1171 4005 1249 4057 liber.
1286 4017 1341 4055 non
1362 4006 1435 4056 enim

332 4085 430 4140 posse,
449 4075 554 4142 inquit,
582 4091 630 4142 per
647 4085 764 4128 nostram
782 4086 896 4129 montem
915 4078 947 4128 nd
970 4077 1167 4144 incorporalem
1187 4074 1345 4128 coelestium
1366 4075 1436 4128 ilie.
1498 4097 1499 4146 j

332 4141 495 4196 raschiarom
514 4147 689 4198 imitationem
717 4156 744 4199 et
762 4147 1014 4215 contemplationem
1035 4147 1198 4215 pervenire,
1227 4147 1278 4198 nisi
1296 4147 1436 4216 corporali

143 4263 154 4275 ,
234 4231 237 4235 ’
333 4213 435 4266 anxilio
453 4217 584 4268 adhibito.
621 4219 773 4272 servientes
792 4220 866 4270 enim·
880 4219 983 4270 animae
1002 4221 1089 4288 inquit
1107 4226 1168 4270 sunt
1186 4217 1276 4286 angeli
1298 4219 1332 4270 orl
1351 4219 1435 4268 mini.
1498 4271 1499 4278 ς

333 4287 444 4339 storiam
462 4269 559 4340 missae
584 4294 611 4338 ot
638 4286 745 4348 christo
775 4288 887 4356 angelos
914 4290 1031 4343 servisse
1060 4291 1192 4357 scriptura
1220 4288 1313 4343 refert.
1351 4303 1435 4357 porro
1498 4283 1499 4338 l
