3184 5100
256 316 261 325 ⁹
316 369 393 451 tuo
607 381 843 493 *mnemon
876 381 1105 451 umanum

316 546 371 628 τῆς
390 543 560 631 ἐκκλησίας
580 547 716 622 ἐννοίαις
738 538 892 629 ἑπόμενος
899 592 908 625 ,
935 548 1030 613 τοῦδ’
1054 542 1163 635 όόσπερ
1195 548 1229 613 όν
1249 545 1437 636 μεταμέλῳ

316 646 482 730 γενόμενος
503 646 630 735 γνώμης
651 647 812 735 imprimo
832 648 887 712 καί
911 647 1042 736 όναιριό
1051 695 1061 728 ,
1082 652 1151 726 πῶς
1170 646 1208 713 οὗ
1229 647 1440 737 παραβάτην

317 739 430 813 ἑαυτόν
454 748 596 816 δειλινοσι
616 747 699 815 κατὰ
728 747 782 815 τόν
803 753 895 823 θεῖον
921 750 1022 837 φόνοι
1052 749 1248 831 ἀπόστολον,
1272 751 1331 817 καί
1357 750 1437 835 ἅμα

316 841 422 936 ἑαυτῷ
443 842 626 934 μαχόμενον
636 851 692 916 καί
703 850 849 936 θεότηιις
872 850 1032 919 δέδεικται
1051 848 1121 939 γὰρ
1138 849 1232 929 αι’πδς
1252 853 1286 917 ἐν
1306 875 1435 939 προοι-

296 951 402 1035 .μίοις
432 952 594 1019 διδόσκων
623 950 709 1038 ἡμᾶς
740 955 811 1041 φῶς
844 953 878 1017 ἓν
910 954 1084 1041 ἀπρόσιτον
1102 948 1201 1020 ,εἶναι
1231 952 1289 1039 τὴν
1320 953 1462 1039 μόνην5

287 1104 290 1109 .
318 1054 439 1139 ἐκείνην
473 1050 619 1121 οἴκτιστον
639 1056 697 1138 τῆς
716 1057 883 1141 μακαρίας
908 1056 1038 1142 τριάδος
1061 1055 1174 1122 οόσιάν
1200 1078 1235 1123 τε
1267 1056 1324 1121 καί
1346 1056 1435 1121 θεό-

315 1179 403 1240 τητα.
447 1154 619 1243 ἀπρόσιτον
640 1159 670 1221 δ’
695 1154 794 1221 εἰπόν
814 1156 869 1221 καί
883 1154 1020 1242 οἷόρατον
1033 1158 1211 1242 δεδήλωκεν
1235 1150 1320 1223 εἶναι
1340 1155 1436 1241 μετὰ

316 1257 436 1321 πολλοῦ
458 1258 515 1321 τοῦ
535 1256 727 1344 κρείττονος·
769 1254 811 1322 τὰ
827 1256 862 1321 δὲ
882 1262 951 1340 μετ’
966 1256 1042 1323 αότο
1063 1256 1166 1324 πόντα
1183 1260 1276 1345 φῶτα
1300 1258 1434 1323 κτιοτό.

250 1350 381 1440 ,μίαν
403 1358 431 1421 δ’
456 1352 495 1421 όν
513 1353 595 1423 ἄλλο
613 1381 648 1422 τε
668 1358 792 1445 μυρία,
821 1357 877 1424 καί
905 1355 968 1437 ὅσα
995 1360 1118 1443 μᾶλλον
1140 1357 1234 1461 αὐτὸς
1255 1356 1313 1443 τὴν
1333 1356 1434 1442 όμιό-

316 1482 419 1542 νυμον
439 1457 549 1546 φωνὴν
570 1462 626 1524 cod
661 1457 768 1547 φωτός
800 1458 881 1526 κατόι
909 1458 966 1546 τὴν
994 1462 1040 1537 εἰς
1070 1462 1170 1527 πλείω
1200 1451 1434 1546 σημαινόμενα
1444 1484 1475 1540 10

318 1561 531 1646 ποιησόμενος
551 1559 680 1627 ἔκτασιν
708 1563 743 1627 όν
772 1564 821 1652 τῷ
842 1563 925 1651 usqi·
936 1563 1159 1648 βαπτίσματος
1181 1562 1434 1650 ἑξόδετολόγιρ.

188 1678 306 1738 totis.
318 1661 355 1727 οὗ
376 1664 485 1731 τοίνυν
503 1656 611 1751 &coepi
630 1664 815 1748 μαχόμενος
836 1666 893 1731 καί
914 1665 1043 1752 dedoque
1063 1671 1201 1753 φαινοιτΙ
1230 1661 1303 1731 dvi
1322 1663 1434 1751 μέγας

318 1756 408 1841 οὗτος
441 1761 654 1845 διδόσκαλος;
691 1760 803 1852 ἄπαγε.
832 1764 1027 1851 μαινομένης
1062 1765 1156 1833 ταυτὶ
1186 1766 1331 1841 διανοίας
1371 1764 1433 1829 καί

317 1865 456 1954 γλώττης
479 1864 545 1930 εἰσί
563 1865 800 1951 παρευρήματα
832 1865 914 1933 κατὰ
945 1868 1003 1931 τοῦ
1025 1863 1138 1952 όγιόο,
1162 1862 1258 1951 ἤθεσι
1279 1888 1432 1953 χρηστο-

276 1965 280 1974 ’
317 1968 422 2055 τόροις
445 1969 585 2053 δολερῶς
605 1966 828 2053 κρυπτόμενα·
877 1965 1062 2055 πολλὰγὰρ
1084 1969 1202 2044 ἐκεῖνος
1230 1968 1429 2054 όπαριθμη-
1441 1991 1473 2045 15

319 2072 456 2152 σόμενος
477 2066 630 2153 λέγεσθαι
652 2070 761 2154 φῶτα,
791 2069 826 2134 ἓν
851 2070 914 2134 τῶν
936 2070 1062 2134 πολλῶν
1087 2062 1169 2133 εἶναι
1190 2066 1275 2154 λέγει
1294 2068 1430 2133 κάκεῖνο

318 2169 354 2236 τό
378 2170 511 2258 φῶςςέν
536 2159 563 2259 ᾧ
582 2166 628 2254 μή
650 2170 824 2251 δεδεῖχθαί
840 2194 938 2258 φησιν
958 2168 1040 2236 ἀλλὰ
1055 2172 1316 2257 παραδεόεῖχθαι
1336 2192 1429 2254 τηνι-

319 2274 421 2337 καῦτα
442 2268 499 2355 τὴν
523 2269 668 2357 θεότητα,
689 2275 746 2356 τῆς
766 2272 858 2359 παρό
878 2271 1065 2359 προθέσεως
1084 2270 1281 2357 κολαζούσης
1300 2270 1336 2335 τό
1366 2265 1429 2334 αό-

319 2376 420 2449 nater
435 2375 499 2437 τόν
522 2372 647 2449 ἀτόπως
666 2371 708 2438 τό
727 2377 804 2439 θεῖα
824 2376 1026 2457 βωμολοχεῖν
1057 2372 1255 2461 ὥρμημὲνων
1267 2421 1277 2452 ,
1299 2369 1344 2449 ιός
1366 2373 1430 2436 καί

256 2490 260 2501 ’
318 2472 396 2560 ἡμῖν
419 2475 454 2538 ἐν
476 2470 585 2552 ἄλλοις
605 2472 734 2561 εἴρηταί
749 2498 783 2539 τε
804 2474 860 2541 καί
881 2470 925 2539 αό
945 2468 1096 2564 προϊοῦσι
1117 2475 1307 2563 τρανότερον
1332 2470 1468 2561 cipp-tl)
1507 2492 1508 2520 ι

249 2599 304 2654 ss
317 2600 408 2641 σεται
427 2574 510 2640 κατὰ
528 2576 652 2662 χώραν.
694 2578 820 2663 παρίτω
850 2579 878 2642 δ’
904 2575 992 2661 ὅμως
1022 2581 1055 2644 ἐν
1076 2582 1198 2663 βραχεῖ
1225 2575 1243 2642 ό
1266 2580 1428 2664 Χρυσορ-

319 2677 429 2764 ρήμων
440 2674 517 2761 ἡμῖν
539 2680 721 2760 συμμαχῶν
742 2677 909 2764 Ἰωάννης,
941 2677 1066 2766 εἴρηται
1084 2679 1184 2766 λόγων
1205 2679 1357 2756 πολλάκις
1380 2677 1429 2755 οδς

389 2853 435 2909 22.
471 2855 502 2910 ἔκ
520 2855 573 2909 τιό
591 2856 633 2916 εὶς
650 2847 681 2910 ιδ
699 2853 878 2928 Εόαγγέλιον
896 2860 946 2912 καὶ
964 2861 1042 2920 τινος
1053 2857 1148 2930 ,χάριν
1167 2859 1199 2916 όν
1215 2858 1249 2931 τῇ
1267 2857 1337 2932 όγλρ
1354 2875 1427 2916 πεν-

387 2930 504 3001 τηκοστῇ
523 2920 593 2993 ἦλθε
611 2926 640 2980 τό
662 2934 779 3003 πνιιῐμιι
801 2923 833 2985 τὸ
854 2926 949 3002 όγιον.

319 3100 501 3153 communibus
524 3109 551 3154 et
565 3102 618 3170 piis
637 3101 772 3155 ecclesiae
785 3104 939 3171 praeceptis
952 3102 1065 3168 innisus,
1086 3099 1154 3154 baec
1168 3101 1260 3170 paullo
1280 3108 1342 3170 post
1360 3109 1426 3155 tsn-
1505 3147 1506 3154 ,

319 3187 396 3241 quarn
415 3174 582 3240 poenitentia
601 3181 747 3228 commotus
765 3175 825 3244 ipso
844 3175 953 3227 suliodit
977 3182 1005 3226 et
1022 3173 1125 3226 aufert:
1149 3187 1240 3226 nonne
1259 3183 1425 3244 praecepto.

293 3267 299 3279 r
319 3257 376 3297 rum
395 3245 555 3297 violatorem
574 3261 605 3296 se
623 3247 711 3298 reddit
728 3253 758 3297 nt
770 3247 797 3298 S.
818 3245 956 3314 spostolus
976 3245 1050 3310 dicit,
1069 3259 1176 3313 unaque
1195 3244 1241 3314 qui
1259 3251 1345 3297 semet
1362 3247 1425 3313 ipso

320 3322 347 3367 et
366 3316 492 3368 deitatem
511 3318 659 3386 impugnes.
696 3317 841 3370 affirmavit
867 3317 936 3369 enim
961 3319 1021 3384 ipse
1041 3318 1068 3368 in
1087 3317 1233 3384 prooemiis
1253 3331 1302 3368 nos
1321 3315 1424 3368 docens

212 3425 223 3436 ,
319 3385 407 3439 lucem
428 3403 506 3439 unam
528 3388 743 3440 inaccessibilem
760 3405 820 3441 csse
839 3403 917 3442 unam
937 3387 1011 3440 illam
1029 3390 1175 3440 increatam
1197 3387 1293 3440 beatae
1313 3388 1424 3439 trinita.
1504 3383 1505 3394 ¹

314 3459 354 3511 *tis
374 3460 515 3512 essentiam
541 3468 568 3512 ot
586 3459 711 3512 deitatem
724 3477 731 3524 ;
746 3468 777 3511 *et
796 3459 859 3530 qnia
880 3459 1095 3512 inaccessibilem
1114 3460 1182 3511 dixit
1202 3466 1229 3511 et
1246 3457 1422 3524 invisibilem,

320 3529 468 3582 declaravit
499 3532 577 3583 etiarn
596 3531 679 3583 multo
699 3531 938 3600 praestantiorem
964 3546 1117 3600 quaerero
1141 3531 1204 3582 luce
1223 3530 1272 3581 hec
1291 3529 1425 3582 inferiora

320 3600 430 3668 lumina,
450 3618 510 3655 esse
530 3610 629 3655 creata.
666 3611 728 3655 sunt
745 3611 834 3654 nutem
852 3604 918 3655 baec
942 3603 996 3654 alia
1014 3603 1153 3654 innumera
1180 3610 1207 3654 et
1225 3609 1356 3670 quotquot
1373 3601 1424 3654 illo

319 3673 384 3743 lpse
398 3676 492 3727 eodem
511 3677 619 3728 nomine
635 3675 780 3726 secundum
799 3673 867 3726 lucis
889 3676 917 3726 in
935 3674 1064 3742 rpluribus
1086 3673 1326 3726 manifestationem
1347 3687 1423 3724 corn.
1503 3695 1504 3702 ι

319 3747 494 3798 memoratio
514 3747 584 3799 libro
612 3747 645 3798 de
669 3747 836 3814 baptismate.
883 3745 945 3815 quid
965 3743 1067 3814 igitur?
1087 3747 1230 3798 videturne
1248 3759 1359 3812 mugnus
1379 3745 1422 3796 bic

320 3824 480 3883 praeceptor
499 3819 687 3885 semetipsum
708 3825 734 3868 et
755 3817 879 3868 deitatem
899 3815 1076 3886 impugnare?
1118 3833 1204 3886 apage
1223 3815 1291 3868 baec
1309 3817 1421 3867 amentis

254 3940 258 3954 ¹
321 3887 458 3940 doctrinae
478 3897 505 3941 et
522 3889 633 3959 linguae
656 3897 768 3957 peccata
793 3889 821 3939 in
847 3889 970 3955 spiritum
996 3889 1131 3954 divinum,
1159 3885 1254 3940 dolosa
1278 3887 1306 3938 in
1331 3887 1421 3939 verbis

322 3955 476 4026 quibusdem
495 3961 596 4028 pulcris
615 3962 763 4013 recondita.
809 3975 869 4012 uam
895 3977 974 4029 quum
992 3960 1075 4013 multa
1101 3960 1144 4012 bic
1166 3967 1305 4011 enumeret
1322 3957 1422 4010 lumina

322 4036 350 4080 et
368 4028 462 4084 borum
480 4047 561 4084 unum
581 4033 652 4084 dicat
667 4033 736 4085 illud
755 4047 808 4101 quo
828 4032 952 4084 deitatem
977 4033 1055 4084 nobis
1077 4046 1132 4084 non
1151 4033 1235 4098 ipsam
1257 4029 1421 4083 manifestari

321 4099 369 4154 sed
388 4108 487 4154 tautum
509 4104 740 4157 submaniiestarir
767 4107 827 4172 ipsu
851 4103 919 4156 haec
947 4103 1031 4156 ‘'sub’'
1061 4104 1226 4172 praepositio
1245 4102 1421 4154 temeritatem

321 4181 431 4225 ooercet
449 4190 541 4226 eorum
564 4177 610 4243 qui
641 4184 693 4228 tarn
712 4176 796 4229 stulte
821 4175 913 4228 divina
931 4175 1026 4228 ludere
1049 4176 1164 4228 student.
1211 4182 1241 4226 ut
1268 4173 1376 4226 unobis
1394 4176 1421 4226 in

321 4243 383 4296 aliis
400 4244 490 4298 multis
509 4248 607 4299 dictum
626 4256 668 4300 est
686 4257 715 4302 et
731 4263 812 4316 quum
823 4249 960 4314 progressi
982 4248 1079 4300 crimus
1098 4248 1160 4298 loco
1179 4260 1227 4298 suo
1248 4245 1354 4313 plenius
1372 4261 1421 4299 ex-

321 4324 446 4385 ponetur.
482 4319 604 4371 braritcr
632 4333 703 4372 nnuc
727 4319 799 4370 dicut
818 4318 1025 4386 chrysostomus
1042 4326 1135 4371 noster
1161 4318 1291 4372 loannes:
1313 4332 1421 4388 ⁴·saepe,
