3184 5100
164 463 168 468 .
274 414 495 484 nrsronun
513 415 773 484 susurrans
792 420 935 487 xxvru.
954 406 1140 492 tS-tt.
1201 415 1275 491 189
1363 501 1367 509 ¹

166 576 215 642 ἐπ’
241 577 375 654 ἀσπίδος
395 576 547 661 βασιλεύς
570 578 602 644 ἐν
625 581 943 670 παλατιλρῬωμαιίον
962 586 1201 670 ἀναγορευέτω.
1220 588 1275 652 κατ’

166 676 204 742 τύ
229 675 286 760 ἔαρ
308 682 342 744 έν
361 681 485 756 τούτοις
516 679 672 746 ἐτελεύτα.

255 781 320 842 Τοῦ
344 781 379 843 δὲ
400 782 516 862 θέρους
533 774 592 867 ἤδη
609 785 778 861 μεσοῦντος
793 784 899 868 -πολλή
922 809 968 860 τις
986 782 1186 870 ἑκατέρωθεν
1210 779 1342 860 uri-20

168 885 223 956 θις
246 880 464 964 συνικροτὴθη
486 878 609 966 οπουδῆ
634 893 698 958 τοῖς
716 889 874 960 Λατίνοις
898 884 976 970 πρὸς
1001 889 1192 953 διαποντίων
1215 911 1275 952 πο-

140 986 274 1062 5λέμων
307 980 523 1064 παρασκευάς.
580 979 689 1063 οἱμὲν
719 983 780 1068 γάρ
809 985 989 1050 Κατελάνοι
1020 990 1054 1051 ἐκ
1081 1013 1115 1052 τε
1150 992 1274 1054 οἰκείων

166 1080 344 1172 χρημάτων
365 1081 420 1146 καί
443 1073 487 1146 ὧν
509 1088 681 1168 τηνικαῦτα
696 1090 862 1150 Βινετικοί
881 1089 1068 1170 χαρίζονται
1089 1093 1183 1175 σφίσι
1203 1113 1274 1155 τετ-

167 1180 344 1264 ταράκοντα
373 1185 512 1266 τριήρεις
547 1181 742 1263 ὁπλίζουσιν.
793 1188 950 1252 εέιύθεσοιν
991 1186 1053 1272 γάρ
1088 1193 1123 1253 ἐκ
1152 1192 1273 1254 πολλοῦ

140 1285 334 1348 ,Βενετικοι
355 1285 397 1347 δι’
426 1285 629 1366 ὀλιγανδρίαν
650 1310 721 1370 περι
747 1285 923 1407 χρημάτων
943 1282 1027 1352 άπαν
1050 1291 1273 1354 ἐνδείκνυσθαι

168 1382 362 1463 σπούδασμιι
384 1384 558 1507 συλλοχὴν,
580 1411 625 1451 ων
647 1389 735 1452 ἕνεκα
758 1412 811 1451 και
842 1388 942 1452 πολλά
961 1413 1022 1454 ιοιν
1044 1389 1274 1471 εύτελεστέρων

123 1478 411 1603 1οἀδιιιημάιων
397 1509 497 1549 εκοντι
522 1492 762 1573 παρατρέχοντι
783 1513 816 1553 τε
842 1514 894 1586 και
919 1487 1116 1575 φέρουσιν
1096 1493 1274 1573 vacuarer·-

166 1609 218 1660 τες
240 1582 273 1648 ἐκ
293 1608 326 1650 τε
358 1583 531 1708 ῦμοφύλφν
553 1593 608 1652 καί
630 1587 820 1674 ἀλλοφύλων
844 1614 943 1672 γενων
973 1591 1053 1674 ύπέρ
1075 1616 1111 1675 γε
1136 1595 1203 1656 τοῦ
1226 1618 1270 1676 μη

167 1684 248 1768 πρὸς
270 1687 425 1769 δημοσίας
446 1688 500 1761 καί
521 1688 754 1773 ύποιθριηους
734 1693 849 1774 ρυῆναι
869 1691 990 1773 μάχας,
1010 1695 1093 1778 μηδὲ
1113 1689 1274 1778 πρόφασιν

167 1787 384 1868 παρεισδῦναί
402 1812 472 1851 τινα
508 1795 783 1873 συγκεχωρηκέναι
813 1791 934 1871 μεταξύ
959 1789 1274 1856 διακύπτουσανν
1215 1817 1274 1874 την

167 1889 233 1950 τοῖν
252 1887 317 1963 ἐξ’
302 1894 457 1970 εμπορίας
480 1891 722 1984 παντοδαπῆς
707 1915 839 1974 ετησιων
861 1894 981 1973 κερδιῦν
1010 1887 1175 2008 συλλογήν.
1219 1893 1274 1954 καί

102 1978 269 2061 .15οῦτως
300 1985 352 2050 ἀει
384 1982 554 2053 τούλαττον
587 1994 827 2073 συγχωροῦντες
864 1996 1056 2075 καρποῦνται
1084 1990 1117 2055 τά
1146 1995 1270 2073 μιιζον,

169 2087 214 2163 uic
234 2091 321 2171 γένος
340 2082 421 2153 εἶναι
445 2095 594 2157 Λατίνων
625 2089 738 2172 σχεδὸν
763 2087 906 2156 οῦδέν“
890 2116 905 2153 ο
929 2090 1084 2176 τοσαύτην
1100 2090 1167 2175 ἔχει
1187 2119 1303 2175 χρη-·

167 2187 279 2269 μάτων
300 2193 445 2256 ἐντεῦθεν
467 2195 648 2273 δαψίλειαν.
707 2185 782 2256 όταν
811 2194 840 2255 δ’
863 2196 907 2269 τίς
938 2196 1067 2278 ἐμφανῆ
1087 2198 1336 2274 {irae-‘terrem

169 2289 303 2355 ὁθενοῦν
324 2317 503 2356 κοιαστωοι
526 2316 582 2374 την
603 2287 730 2377 μάχην,
753 2291 856 2368 εῦθύς
879 2293 1058 2380 ἀφειδούοη
1080 2296 1170 2376 χειρί
1188 2320 1273 2418 χρη.

167 2388 280 2471 μάτων
301 2390 494 2472 παμπόλλων
516 2393 669 2457 ω’νοῦνιαι
685 2392 741 2470 τάς
762 2419 825 2458 των
846 2394 1073 2476 ἀστυγειτόνων
1095 2405 1159 2470 τοῖς
1182 2397 1273 2460 ἀντι-

124 2489 283 2569 tonatur
316 2491 442 2575 γνάμας
465 2519 517 2558 και
544 2487 610 2558 ὅσοι
637 2491 807 2579 περιύιιιοι,
838 2521 889 2561 και
924 2493 1020 2585 ροῖοθ
1052 2483 1171 2561 οῦτιύσι
1192 2494 1272 2580 πρύς

167 2600 356 2678 συμμαχίαν
396 2592 648 2675 μεθέλκουσιν“
636 2599 759 2659 εαυτιῦν
790 2594 928 2671 ὁπόσους
960 2621 993 2661 τε
1026 2622 1077 2661 και
1115 2599 1200 2671 οιοος
1232 2592 1272 2661 ἀν

168 2699 320 2762 ἐθέλοιεν.
346 2722 399 2763 και
421 2692 506 2761 οῦτοι
526 2700 691 2778 μεγίσταις
713 2690 733 2779 ἢ
754 2695 834 2761 κατά
858 2700 975 2773 πάντας
996 2690 1112 2773 ἀλλους
1135 2700 1198 2761 τοῦν
1218 2700 1273 2761 νῦν

169 2797 347 2889 δοράμισιν
369 2800 616 2873 ναυστολοῦντες
637 2802 905 2883 κατατροποῦνται
927 2797 1001 2875 τούς
1022 2801 1194 2874 ἐναντίους.
1216 2796 1273 2863 τόν

170 2897 211 2985 δη
234 2902 378 2967 τοιοῦτον
397 2903 450 2967 καί
472 2904 531 2966 νῦν
551 2896 667 2985 τρόπον
687 2899 886 2987 ᾠκειώσαντο
899 2904 960 2984 μὲν
976 2900 1157 2985 Ῥωμαίους
1178 2899 1273 2984 ἔχον-

172 3156 247 3211 filins
269 3157 302 3210 de
319 3164 397 3210 sente
415 3172 464 3209 rex
482 3156 632 3211 declaratur
653 3166 695 3211 est
723 3159 751 3210 in
772 3156 950 3210 Romanarum
967 3153 1077 3223 palatio.
1115 3164 1143 3208 et
1161 3170 1274 3209 vernum

170 3239 277 3297 tempus
295 3228 337 3281 his
355 3228 434 3281 rebus
453 3228 599 3281 absumturn
623 3239 671 3282 est.

272 3316 417 3370 Etestate
410 3333 461 3369 ram
479 3318 565 3372 medin
585 3318 617 3370 ab
636 3326 748 3387 utraque
772 3327 849 3385 perte
869 3315 1044 3369 reconciliata
1062 3321 1103 3367 est
1120 3314 1271 3367 Latinorum

172 3390 204 3443 ad
225 3390 341 3456 paranda
360 3388 434 3440 bella
452 3388 560 3445 navalia
578 3392 725 3442 cententio.
763 3389 885 3444 Catelani
908 3389 977 3440 eninr
997 3404 1030 3439 ex
1052 3388 1109 3439 eius
1129 3386 1224 3453 opibus
1244 3393 1272 3437 et

172 3476 240 3531 quas
261 3461 356 3513 Veneti
376 3461 506 3527 praebent
527 3463 702 3532 quadraginta
721 3462 772 3513 sibi
797 3463 921 3512 triremes
938 3462 1081 3512 instruunt.
1118 3472 1272 3509 consueve-

170 3540 232 3585 rant
250 3535 318 3584 enim
341 3532 437 3583 Veneti
468 3536 615 3587 iamdudum
643 3534 677 3585 ob
704 3533 869 3584 hominurn
863 3533 978 3598 inopiam
1007 3546 1085 3581 omne
1113 3529 1252 3581 studium
1244 3542 1273 3579 ru

172 3603 335 3671 colligendis
360 3604 455 3671 opibus
484 3621 595 3672 ponere.
642 3605 814 3688 quamobrern
834 3605 912 3655 etiarn
931 3602 1026 3654 multas
1058 3610 1085 3653 et
1101 3600 1273 3669 gravissimas
1343 3645 1347 3649 .

171 3676 204 3726 ab
224 3676 280 3727 suis
301 3684 328 3739 et
346 3676 498 3742 peregrinis
513 3678 642 3744 gentibus
661 3677 785 3727 illetss'
778 3676 889 3726 iniurias
909 3673 1052 3743 negligunt
1072 3680 1098 3723 et
1125 3670 1206 3725 facile
1229 3672 1272 3721 [e-

169 3754 243 3811 ruut,
262 3761 297 3797 ne
316 3748 343 3798 in
362 3745 434 3797 bella
453 3756 499 3799 aut
516 3751 662 3801 domestica
683 3756 728 3799 aut
750 3755 860 3798 externa
880 3746 1049 3797 traherentur
1066 3759 1155 3811 neque
1174 3756 1271 3794 causae

169 3817 374 3884 implicarentur
393 3834 461 3886 quae
481 3820 614 3872 uberrima
633 3821 714 3870 tutius
734 3820 796 3871 anni
822 3818 920 3869 tributa
938 3818 1071 3899 perderet.
1108 3818 1198 3882 itaque
1217 3814 1270 3865 he-

169 3890 275 3942 stibus
277 3891 332 3941 suis
351 3890 378 3941 vi
399 3892 503 3957 quidem
522 3892 682 3954 inferiores,
710 3891 796 3941 fructu
816 3897 905 3939 nutem
927 3889 1090 3954 superiores,
1111 3894 1182 3937 suut.
1218 3902 1271 3937 ne-

169 3977 223 4029 que
244 3960 301 4013 ulla
320 3968 361 4012 est
378 3962 530 4015 Latinorum
551 3979 628 4031 gens,
647 3963 690 4011 cni
708 3969 780 4013 tanta
796 3962 832 4012 sit
849 3961 1021 4027 pecuniarum
1042 3958 1191 4010 multitudo.
1228 3958 1271 4008 sin

169 4046 237 4084 vero
258 4034 286 4084 ri
296 4033 416 4101 quadem
439 4034 519 4100 plane
540 4041 671 4101 coguntur
686 4034 765 4084 armis
786 4032 960 4116 coptendere,
979 4030 1107 4082 celeriter
1125 4029 1201 4097 larga
1217 4045 1270 4113 pe-

169 4105 308 4155 ceniarum
328 4107 405 4172 copia
424 4107 525 4159 animoa
545 4120 636 4157 eorum
654 4106 698 4172 qui
717 4105 832 4170 proximi
852 4102 971 4154 hostibus
989 4103 1180 4169 etquicunque
1200 4102 1272 4151 circa
1304 4151 1308 4160 ,

170 4190 218 4227 ees
240 4175 343 4241 colunt,
367 4177 418 4227 sibi
443 4177 687 4242 conciliansque
709 4190 802 4227 omues
820 4176 851 4226 ad
871 4175 1026 4226 societatem
1045 4189 1119 4224 suurn
1137 4180 1272 4240 quotcun-

169 4263 222 4317 que
243 4255 270 4298 et
289 4262 463 4315 quoscunque
483 4249 577 4301 uolunt
597 4248 677 4299 facile
695 4246 810 4298 trahunt.
847 4248 937 4314 itaque
955 4247 1076 4297 maximis
1094 4251 1200 4311 praeter
1223 4259 1273 4293 ce.

167 4327 242 4379 teros
262 4334 355 4379 ornnes
375 4318 492 4391 pupulos
512 4321 598 4391 copiis
622 4319 745 4373 instructi
766 4320 794 4371 iu
815 4316 904 4388 iugem
923 4317 1014 4370 hostes
1032 4322 1201 4370 convertunt.
1222 4312 1272 4369 tali
