3184 5100
299 415 521 483 mororum
537 410 795 518 eunomium
812 412 948 475 xxxiv.
971 391 1097 473 5-8.
1121 376 1128 414 ²
1188 390 1262 471 ite

161 581 223 646 τοῦ
238 578 361 657 τούτου,
383 574 432 643 ὅτι
451 577 588 661 τοσαύτη
610 573 706 638 αὐτοῦ
726 571 895 658 ἦδάναμις
925 568 969 647 ῶς
991 570 1074 654 μηδὲ
1095 565 1149 633 τὸν
1171 567 1291 651 λόγον·

163 683 252 766 ἡμᾶς
273 680 354 765 μετά
367 680 531 767 ἀκριβείας
552 679 671 743 εἰδέναι
691 678 755 741 τῶν
772 673 827 741 ἀπ’
846 674 943 741 αὐτοῦ
963 673 1149 760 γενομένων.
1171 670 1261 733 τοῦτο
1360 676 1374 705 ·“

162 782 231 869 γάρ
257 782 401 857 διανοίας
422 778 624 864 εὐγνώμονος,
646 779 738 843 τοῦτο
758 779 870 861 ψυχῆς
890 770 1080 861 νηφοάσης.”

110 875 120 881 ’
269 888 338 950 Καὶ
358 881 419 969 γάρ
455 880 473 946 δ
500 878 576 956 θεὸς
605 879 660 944 διά
688 876 936 965 φιλανθρωπίαν
969 874 1173 956 οἰκονομικῶς
1198 875 1297 947 vole!

132 967 155 1051 ά
165 985 351 1072 ἀνθρώποις
374 982 417 1059 ῶς
443 982 567 1067 νηπίοις
587 978 691 1066 πατὴρ
717 977 980 1064 συγκαταβαίνων
1013 975 1068 1040 διδι
1086 976 1149 1037 τῶν
1170 967 1264 1056 έκδη-
1364 1019 1368 1030 ,

162 1086 305 1173 λοτέρων
326 1088 452 1170 πρῶτον
485 1085 667 1169 ἒμφανειῶν
689 1080 744 1145 καί
762 1088 828 1155 τοῖς
850 1072 916 1143 οἷον
936 1076 1074 1163 βρέφεσι
1098 1096 1264 1160 προσφαε-
1328 1084 1331 1091 “

164 1171 304 1273 στέρνον,
326 1184 427 1260 οὕτως
459 1185 568 1267 ἀνάγει
588 1181 642 1247 διά
664 1183 751 1257 λείδις
780 1179 858 1245 ὁδοῦ
880 1176 960 1264 πρὸς
979 1179 1044 1255 ἕξιν
1062 1176 1266 1259 τελεωτέραν.
1358 1182 1363 1199 “

163 1288 222 1353 καί
242 1289 368 1351 Μωσεῖ
391 1285 470 1369 γάρ,
494 1282 515 1347 o‘.
533 1288 622 1357 θεῖος
644 1283 761 1368 φάσκει
774 1280 1014 1366 Χρυσόστομος,
1037 1274 1092 1341 διὰ
1116 1271 1222 1362 φωτὸς
1242 1268 1265 1356 ἦ

162 1390 224 1452 τοῦ
245 1390 324 1451 θεοῶ
344 1386 516 1471 ἐπιφάνεια
545 1382 663 1468 ἤρξατο
685 1385 718 1447 ἐν
747 1383 788 1467 τῇ
810 1380 912 1466 βάτῳ·
967 1372 1035 1442 εἶτα
1059 1376 1114 1441 διά
1131 1372 1267 1461 νεφέλης

116 1502 154 1557 10
165 1488 256 1575 αὐτῷ
275 1486 454 1571 διαλέγεται
475 1483 493 1549 δ
516 1486 600 1561 θεός.
619 1483 810 1569 τελειότερος
834 1483 869 1545 δὲ
881 1480 1046 1565 γενόμενος
1066 1478 1121 1543 καί
1142 1474 1266 1559 άψηλό-

350 1574 354 1581 *
808 1584 938 1666 εἰσῆλθε
957 1580 1018 1665 γάρ
1041 1602 1138 1665 φησιν
1158 1566 1270 1643 Mori)

164 1690 226 1772 σῆς
254 1689 299 1763 εἷς
319 1685 374 1752 τὸν
394 1689 512 1773 γνάφον
544 1678 583 1750 οὗ
607 1682 647 1771 ἧν
676 1684 694 1750 ὅ
726 1683 817 1759 θεός·
860 1687 1020 1747 τουτέστιν
1050 1680 1130 1765 ἔγνω
1153 1678 1267 1765 σαφῶς
1319 1694 1322 1699 “

165 1785 217 1853 ὅτι
240 1786 384 1853 σκοτεινά
402 1790 459 1853 καί
486 1785 633 1874 ἄγνωστα
665 1786 706 1851 τά
727 1790 802 1849 θεῖα
826 1785 881 1849 καί
906 1786 1014 1848 πάσαν
1033 1778 1266 1867 ὑπερβαίνοντα

164 1892 283 1975 γνῶσιν
303 1889 517 1974 ἀνθρωπίνην.
556 1889 615 1954 ’καί
639 1888 802 1970 ἀλλαχοῦ·
832 1885 866 1952 τὸ
894 1882 934 1949 “ri
954 1878 1105 1971 ἑωρακώς
1121 1882 1185 1975 Ιἐμὲ
1205 1874 1300 1955 ἑκά-ο

118 2002 155 2055 15
167 2012 247 2076 ρακε
265 1988 320 2055 τάν
351 1990 492 2076 πατέρα”
522 1990 711 2065 ἀκούσαντες
743 1989 960 2073 ἐδιδάχθημεν
993 1984 1036 2061 ῶς
1063 1979 1124 2071 ἤδη
1150 1982 1265 2049 τέλειοι

164 2090 213 2174 μὴ
236 2093 419 2176 προσδοκᾶν
441 2094 482 2156 δι’
504 2090 685 2177 ὀφθαλμῶν
708 2087 852 2172 ὄψεσθαι
871 2090 956 2165 θεάν,
980 2087 1047 2152 ἀλλ’
1071 2085 1190 2151 εἰδέναι
1208 2082 1265 2169 τὴν

162 2195 223 2258 τοῦ
243 2194 323 2257 θεοῦ
343 2190 457 2278 ὅρασιν
491 2195 608 2278 γνῶσιν
640 2186 740 2256 οάσαν
771 2193 827 2257 καί
856 2189 970 2276 νοερδιν
1000 2184 1266 2273 sanilonomen
1331 2194 1338 2225 ¹

167 2290 322 2376 αἴσθησιν
343 2294 536 2379 σωματικήν.
599 2292 691 2358 οὐδὲν
722 2288 779 2357 οάν
809 2290 917 2357 καινδν
951 2292 980 2355 εἰ
1012 2296 1079 2366 τοῖς
1105 2292 1268 2373 μαθηταῖς

169 2393 312 2457 ἀτελέσιν
333 2387 425 2458 οδσιν
444 2394 508 2471 ἔτι,
530 2396 586 2459 καί
608 2394 666 2472 τάς
687 2395 820 2469 ἐλπίδας
844 2393 1016 2476 ἀβεβαιόνς
1044 2389 1269 2464 κατ”έάσθενεῖς

117 2494 216 2561 θθέιί
242 2492 330 2580 αὐτῷ
351 2494 551 2580 κεκτημένοις
573 2495 628 2562 διά
647 2495 683 2562 τδ
702 2494 748 2581 μὴ
768 2493 826 2572 ῶς·
842 2492 917 2560 θεὸν
940 2495 1007 2560 ἀλλ’
1031 2490 1074 2570 ῶς
1097 2487 1268 2578 ἄνθρωπον

166 2592 249 2680 δρᾶν
279 2593 374 2660 αὐτὸν
403 2595 458 2660 διδι
488 2595 593 2684 φωτδς
622 2597 831 2684 φαινόμενον,
860 2593 940 2682 πρὸς
971 2591 1059 2679 ἀμὴ
1091 2593 1268 2680 φαίνεσθαι

167 2695 317 2774 δυνατόν,
350 2697 585 2784 παρεσκεύαζεν
615 2696 683 2784 ὅδιβ
712 2698 768 2762 καί
792 2697 880 2774 τάξει
906 2695 1025 2782 νοητῶς
1061 2691 1143 2759 κατὰ
1170 2691 1290 2758 δάνα-,

164 2820 221 2880 μιν
243 2797 375 2864 ἀνιέναι.
423 2795 479 2883 τὴν
508 2798 571 2885 γάρ
606 2800 786 2883 σεβασμίαν
816 2799 1066 2886 μακαριότητος
1096 2792 1177 2860 κατά
1212 2789 1267 2857 τὸν

165 3033 239 3080 tanto
258 3034 309 3092 est,
331 3027 510 3080 intrationem
527 3030 644 3082 omnium
666 3045 756 3081 earnm
776 3027 866 3080 rernm'
885 3043 954 3096 quae
973 3043 1005 3080 ea
1024 3027 1193 3080 continentur
1212 3041 1267 3080 nou

167 3105 292 3221 ιιροριιο
309 3097 467 3168 intelligere
484 3102 627 3168 possimus,
646 3100 699 3153 boc
718 3107 811 3152 rectae
829 3097 1028 3168 intelligentiae
1047 3105 1097 3164 ast,
1117 3098 1170 3150 boc
1187 3098 1268 3150 animi

168 3183 198 3222 so
217 3185 261 3222 rra.

83 3326 84 3331 η
265 3265 338 3317 Dens
358 3264 428 3316 enim
452 3274 563 3332 propter
589 3282 706 3318 amorem
726 3282 788 3334 erga
813 3266 934 3319 homiues
952 3265 1097 3332 prudenter
1115 3261 1266 3316 bominibus

168 3345 197 3402 ut
214 3335 360 3388 infantibue
383 3336 417 3386 ab
446 3337 525 3388 initio
543 3337 623 3389 rebus
650 3338 798 3390 manifestis
819 3345 845 3388 et
873 3338 962 3404 captui
982 3335 1265 3389 accommodatioribus

168 3423 342 3470 succurrens,
369 3408 432 3458 trita
450 3409 496 3458 via
513 3409 552 3466 nd,
565 3409 755 3476 perfectiorem
781 3408 961 3460 conditionem
981 3408 1063 3461 ducit.
1100 3407 1166 3460 blosi
1185 3407 1265 3470 enim,

169 3481 206 3532 alt
223 3478 250 3531 8.
269 3477 320 3529 ille
339 3476 554 3544 chrysostomus,
573 3496 622 3545 per
639 3479 727 3532 lucem
747 3481 859 3546 primum
872 3481 915 3532 dei
935 3479 1115 3532 manifestatio
1135 3477 1206 3529 lacta
1225 3485 1267 3530 ast

85 3610 86 3615 η
169 3553 197 3602 in
215 3548 296 3612 silva,
316 3548 412 3600 deinde
434 3547 539 3602 embc
558 3566 618 3601 cum
637 3566 670 3603 eo
689 3551 841 3602 collocutus
860 3558 901 3602 est
919 3550 1000 3613 deus;
1031 3564 1110 3618 quum
1128 3556 1216 3600 autern
1233 3549 1266 3602 ad

86 3682 87 3685 Ἴ
169 3620 263 3672 altiora
282 3620 369 3683 aptior
388 3627 415 3671 et
442 3621 476 3672 ad
494 3623 675 3674 reconditiora
695 3622 780 3674 iactus
802 3631 889 3685 esset,
917 3621 945 3672 iu
965 3620 1072 3673 turbina
1090 3619 1167 3672 deum
1188 3618 1264 3672 vidit.

171 3691 245 3744 venit
265 3691 354 3753 enim,
373 3691 411 3741 ait
429 3692 536 3756 bloses,
563 3693 592 3744 in
614 3693 747 3745 turbinem
772 3692 818 3744 ubi
838 3700 896 3744 erat
913 3693 998 3757 deus3
1024 3692 1042 3742 i.
1065 3706 1089 3742 a.
1108 3689 1221 3743 obscura
1239 3698 1266 3744 et

86 3804 87 3831 ,
168 3761 304 3826 incognita
329 3761 421 3812 divina
442 3770 470 3812 et
488 3777 592 3814 omnem
621 3764 754 3816 homiuum
778 3762 985 3830 intelligentiam
1009 3762 1164 3830 superantia
1181 3761 1265 3830 probe

87 3896 88 3905 ρ
169 3829 312 3884 intellexit.
351 3839 378 3882 et
396 3831 474 3895 alias,
496 3833 542 3884 ubi
561 3835 680 3902 iegitur:
709 3837 754 3902 qui
772 3835 847 3887 uidet
866 3851 926 3898 me,
945 3834 1019 3886 videt
1040 3841 1067 3886 et
1083 3840 1195 3900 patrem,
1213 3832 1264 3885 do.

87 3950 88 3965 ,
169 3917 257 3954 camur
275 3902 326 3952 ism
344 3903 565 3967 perlectumasse
577 3920 631 3956 oon
650 3907 761 3958 credere
779 3921 829 3958 nos
844 3921 892 3972 per
906 3905 1000 3958 oculos
1018 3905 1159 3973 percipere
1176 3905 1263 3972 deum,

86 3972 88 3983 ⁴
168 3974 214 4027 sed
230 3973 301 4024 scire
329 3973 373 4024 dei
398 3974 667 4041 contemplationem,
697 3976 804 4028 scilicet
822 3975 1027 4044 intelligentiam
1053 3982 1080 4028 et
1098 3975 1264 4042 spiritualem

168 4045 376 4113 perceptionem,
393 4045 641 4111 concorporalem,
662 4062 717 4099 nou
734 4048 818 4116 igitur
835 4061 945 4111 novum,
964 4050 987 4100 si
1006 4046 1151 4114 discopulie
1170 4048 1264 4114 proia-

170 4116 210 4170 uis
237 4123 264 4166 et
289 4115 323 4166 iis
349 4115 396 4182 qui
423 4113 528 4166 debiles
560 4124 587 4167 et
610 4118 727 4170 iolirmao
754 4119 788 4170 de
816 4133 848 4170 eo
868 4118 1010 4184 habebant,
1030 4119 1166 4188 quianon
1185 4119 1263 4170 deum

170 4203 241 4250 eum,
263 4187 311 4237 sad
329 4185 462 4236 bominem
481 4186 615 4252 videbant,
635 4189 788 4256 perlucere
808 4197 978 4256 apparentem
996 4191 1025 4242 in
1044 4191 1094 4256 eis,
1112 4189 1158 4242 ubi
1177 4203 1264 4258 appas

168 4273 226 4312 rere
248 4271 302 4308 nou
320 4263 425 4323 potarat
457 4255 522 4309 lecit
544 4267 573 4310 ut
595 4259 794 4329 intelligentiae
819 4276 870 4330 qua
895 4269 1005 4328 possent
1036 4263 1081 4316 via
1108 4269 1136 4313 et
1168 4262 1262 4313 ordine

169 4329 343 4402 perciperent.
381 4325 498 4380 diuinam
525 4330 596 4393 euim
616 4331 796 4398 maiestatem,
824 4339 853 4384 ut
877 4331 903 4387 S.
923 4331 1068 4401 Dionysius
1085 4332 1138 4398 ait,
1164 4331 1261 4399 nesti.
