3184 5100
295 354 388 489 'aad
592 384 595 388 ’
648 368 874 437 memnoni
904 361 1134 435 onaooaln

208 519 220 531 ‘⁵
311 540 475 611 πλεισταις
503 532 779 617 συμπεπτωκότων
811 528 886 605 τοός
913 532 972 611 μὲν
1002 532 1064 593 ταῖν
1086 521 1257 611 οἰκητόρων
1279 520 1412 613 θανάτῳ

311 638 409 725 βιαίιρ
432 634 708 721 παραπόμφόήναι
730 637 957 714 συμπέπτωκε,
989 628 1063 706 τοός
1085 632 1121 694 db
1141 636 1203 703 τοῖς
1227 627 1413 709 αότυχείτο-

277 753 364 805 ’σιν
387 739 421 812 ἐξ
442 732 624 818 αὐτομάτου
659 738 859 820 προδοθῆναι
889 728 1067 817 βαρβάροις
1104 725 1302 813 ου’θημερόν.
1354 728 1412 791 τοῦ

313 837 373 924 γάρ
397 840 556 921 βασιλέως
573 837 842 921 Καντακουζηνοῦ
861 831 922 918 πρό
948 835 1029 899 ε’τάν
1051 855 1113 905 που
1135 833 1236 910 doato,
1258 822 1301 903 οἷς
1323 824 1413 911 εἴρη-

252 972 264 986 τ
317 965 380 1025 ται,
401 944 478 1021 μίαν
503 943 567 1003 πυόν
588 938 799 1023 όχυρωτίρων
822 935 891 1001 ἐκεῖ
908 935 1030 1000 πόλεων
1052 927 1274 1018 παρασχόντος
1304 930 1441 1002 adnuito

251 1104 253 1112 ,
316 1040 516 1127 οἰκητήριον,
553 1034 632 1105 ιόστε
663 1037 748 1121 ἔχειν
776 1036 894 1113 αότοός
915 1038 1116 1119 ἐπιτείχισμα
1151 1032 1206 1099 καί
1224 1032 1416 1113 συμμαχίαν

256 1205 266 1231 ρ
317 1142 489 1227 πρόχειρον
510 1140 591 1206 κατά
611 1140 840 1223 Παλαιολόχου
860 1140 917 1203 τοῦ
942 1126 1100 1222 γαμβροῦ,
1116 1114 1200 1201 ἡιιατά
1224 1134 1336 1217 χάραν
1355 1132 1439 1213 με’-’
1507 1148 1509 1285 η

278 1274 281 1280 ’
316 1266 380 1308 νειν
405 1243 504 1307 αότοί
530 1265 566 1325 χε
587 1239 646 1305 οόιι
676 1232 810 1325 ἤνεγκαν
838 1242 897 1303 τοῦ
930 1235 1062 1319 λοιποό,
1092 1234 1173 1303 α’λλά
1199 1230 1280 1301 κατά
1304 1227 1413 1315 βραχό
1508 1292 1509 1299 ,

318 1341 518 1426 παρεξιόντες
550 1342 616 1426 αἰεί,
641 1343 705 1425 μοι’
731 1338 911 1423 ληϊζόμενοι
944 1336 1017 1413 τοός
1044 1341 1106 1403 τάν
1137 1340 1262 1421 ἔγγιστα
1296 1332 1417 1397 πόλεων

320 1438 439 1527 α’χροός
462 1443 576 1528 όφεξής
597 1442 703 1517 αότοϊς
726 1440 863 1522 α’νόράσι
888 1464 921 1505 τε
943 1440 999 1503 καί
1020 1434 1221 1523 ἀχθοφόροις
1251 1432 1343 1519 ζώοις
1359 1429 1419 1505 ,καί
1430 1443 1463 1497 10

322 1544 480 1624 ποιμνίοις
502 1537 612 1625 άπαοι,
635 1544 741 1607 πάσαν
764 1546 798 1606 όν
821 1530 940 1624 βραχεί
962 1540 1020 1622 τήν
1049 1543 1104 1623 τής
1126 1534 1332 1621 Χερρονήσου
1360 1556 1420 1617 με·

199 1654 236 1692 ·”’·
321 1644 445 1728 odyssea
468 1641 642 1728 ἱππήλατον
653 1644 766 1729 σφίσιν
778 1641 887 1719 αότοῖς
910 1644 989 1706 α’όεά
1003 1640 1235 1725 κατεστήσαντο
1251 1640 1306 1701 καί
1319 1660 1422 1719 στρα-

319 1746 449 1811 τόπεδον
472 1739 645 1831 ὕπαιθρον,
667 1744 761 1808 ου’όὲν
781 1746 836 1827 τής
856 1743 1034 1818 Ἀσιάτιόος
1053 1744 1109 1825 μής
1128 1739 1183 1805 καί
1202 1734 1301 1804 πάλαι
1321 1730 1423 1819 συνή-

321 1851 401 1921 θους
426 1840 536 1922 αότοῖς
560 1845 739 1911 όπεοιιιέναι
763 1846 888 1909 όοιοόν.
934 1842 983 1909 όιό
1005 1847 1059 1909 καί
1082 1842 1139 1929 τήν
1162 1836 1223 1906 α’πό
1249 1844 1306 1905 τοῦ
1328 1862 1421 1905 σεισ-

189 1956 210 2013 i.
226 1942 276 2009 118
285 1968 313 2008 τ.
321 1952 388 2031 μοό
412 1947 584 2035 συμφοράν
608 1950 642 2012 όκ
657 1952 716 2013 τοῦ
735 1944 887 2031 σόνεγήυς
911 1946 1118 2027 θεασάμενοι,
1137 1941 1274 2027 τάχιστα
1295 1934 1466 2021 eiusad-15

303 2057 305 2063 '
328 2054 429 2134 όησαν
449 2052 503 2114 καί
523 2048 611 2132 μάλα
635 2049 771 2134 όπονητί
789 2046 870 2129 μετά
892 2050 954 2113 τιόυ
977 2042 1344 2137 οίκιάνχκατεελήφασιν
1364 2032 1424 2105 όσα

288 2149 369 2235 Ιμή
392 2150 645 2235 ιιατεχιόσθησαν
668 2148 851 2233 πράγματα.
903 2148 958 2219 Ιιιαί
984 2152 1040 2213 τοῦ
1058 2149 1171 2211 λοιποό
1195 2143 1275 2209 κατά
1306 2144 1426 2227 πλῆθος

218 2275 221 2280 ’
326 2252 379 2315 αἐἰ
398 2249 600 2334 παρεξιόντες
622 2252 744 2314 ἐκεῖθεν
758 2248 815 2313 καί
838 2253 944 2314 πᾶσαν
968 2243 1028 2334 ήόη
1048 2248 1105 2332 τήν
1120 2251 1220 2330 μέχρι
1235 2246 1343 2308 πυλῶν
1356 2246 1428 2306 Βυ-

329 2353 460 2430 ζαντίων
481 2347 645 2434 ἐληίσαντο
676 2356 784 2416 τέλεον
812 2352 870 2435 μήν
902 2352 958 2414 καί
977 2349 1148 2431 Ῥωμαίοις
1170 2342 1288 2430 άβατον
1304 2343 1338 2411 τό
1363 2370 1428 2409 πα-

329 2451 436 2535 ράπαν
466 2449 666 2536 εἰργάσαντο.
726 2452 846 2538 φόρους
867 2476 902 2515 τε
931 2448 1087 2517 ἐπόθεσαν
1117 2444 1257 2523 άπάσαις
1277 2457 1346 2523 ταῖς
1366 2455 1469 2529 pte-20

332 2552 411 2631 ταξό
435 2553 554 2634 πόλεσι,
578 2554 796 2636 δεκαδάρχους
823 2549 1008 2640 βαρβάρους
1031 2552 1086 2618 καί
1106 2548 1294 2636 ἐπιτρόπους
1316 2548 1429 2625 αόταίς
1510 2555 1511 2586 l

279 2724 283 2729 ,
330 2650 545 2730 όνοικίσαντες.
590 2653 659 2719 ἀλλ’
682 2654 752 2742 οὐδ’
772 2649 855 2720 οότω
878 2651 936 2740 τήν
951 2656 1082 2740 κομιδήν
1103 2651 1133 2719 οῖ
1153 2651 1285 2728 τάλανες
1309 2641 1430 2742 Θρήικες

249 3033 258 3047 .
333 2985 445 3052 bantur3
464 2984 497 3039 ad
517 2985 584 3041 alias
603 2987 674 3057 quod
689 2989 786 3043 attinet
811 2990 894 3044 muris
921 2991 949 3042 in
968 2989 1059 3042 orbem
1084 2989 1226 3044 destrdctis
1245 2996 1272 3041 et
1289 2983 1432 3040 domiciliis
1486 3025 1491 3032 .

334 3060 474 3124 maximam
491 3068 594 3127 partem
608 3059 735 3128 collapsis
755 3061 904 3114 incolarum
922 3063 1078 3130 pars'morti
1091 3061 1228 3115 violentae
1246 3057 1431 3113 committeba-

335 3139 394 3195 tur,
412 3146 474 3198 pars
492 3130 564 3183 ultro
589 3133 687 3185 vicinis
715 3133 835 3186 barbaris
864 3135 957 3186 eodem
982 3135 1026 3186 die
1048 3150 1079 3186 se
1102 3128 1230 3186 tradebat.
1273 3131 1433 3200 praebuerat

337 3203 406 3260 euim
423 3201 625 3260 Cantacuaeuae
647 3220 695 3260 rex
710 3213 772 3258 ante
791 3206 857 3258 duos
877 3205 934 3258 lere
952 3221 1057 3270 aunos‚.
1071 3214 1101 3258 ut
1115 3207 1212 3258 dictum
1232 3212 1281 3270 est,
1300 3201 1381 3254 uuum
1400 3215 1433 3252 ex

337 3274 442 3342 oppidis
460 3277 519 3328 eius
537 3277 658 3343 regionis
677 3276 944 3342 ratiocinandorum,
965 3278 1036 3346 quod
1052 3278 1086 3328 iis
1098 3285 1169 3330 esset
1187 3273 1359 3328 domicilium.
1382 3273 1433 3324 boe
1510 3313 1511 3320 ,

286 3364 289 3368 ’
336 3347 420 3414 igitur
441 3347 519 3400 modo
539 3355 647 3413 paratae
665 3349 698 3400 iia
719 3357 794 3400 erant
812 3350 973 3401 munitiones
994 3357 1021 3400 et
1039 3350 1167 3401 auxilium
1186 3356 1278 3400 contra
1290 3344 1433 3398 Palaeolo.

337 3433 409 3486 gum,
429 3417 552 3483 affinem
572 3419 599 3470 in
618 3422 731 3486 regione
750 3417 847 3472 diutins
867 3436 975 3472 manere
993 3419 1045 3488 ipsi
1064 3421 1220 3474 noluerunt.
1241 3420 1289 3472 sed
1307 3416 1434 3484 paulatim

339 3497 485 3558 evagantes
503 3505 609 3558 semper
628 3498 655 3542 et
673 3492 831 3557 diripientes
852 3509 885 3543 ex
903 3492 1072 3546 finitimorum
1092 3494 1249 3561 oppidorum
1270 3491 1342 3559 agris
1362 3487 1433 3554 ipsos

337 3562 411 3613 viros
433 3562 560 3628 deinceps
578 3570 605 3613 et
622 3562 748 3615 animalia
766 3564 911 3616 sarcinaria
924 3566 954 3615 'et
974 3579 1066 3622 omnes
1089 3567 1178 3617 ovium
1197 3577 1305 3632 greges,
1332 3573 1434 3610 omnem

337 3633 414 3685 brevi
428 3631 624 3687 Chersonesum
643 3635 863 3686 mediterraneam
883 3636 958 3703 equis
975 3637 1061 3703 aptdm
1081 3637 1187 3689 sibimet
1206 3637 1271 3703 ipsis
1292 3630 1436 3686 reddebant

336 3712 420 3756 tutam
447 3712 479 3773 et
502 3713 589 3758 castra
608 3705 657 3757 sub
676 3706 738 3758 divo
758 3714 840 3758 strata
865 3706 934 3759 nihil
958 3709 992 3758 iis
1011 3707 1169 3761 videbantur
1188 3705 1328 3760 dissimilia
1350 3711 1436 3756 terrae

339 3772 475 3828 Asiaticae
494 3778 621 3845 priusque
642 3776 789 3839 consultae.
816 3779 907 3847 itaque
926 3777 1101 3832 calamitatem
1122 3797 1155 3832 ex
1174 3789 1262 3832 terrae
1280 3784 1354 3828 motu
1372 3789 1437 3842 pro-

262 3852 265 3866 ·
340 3846 437 3897 lectam
459 3849 577 3900 cominus
597 3850 754 3916 conspicati,
774 3849 916 3901 celerrime
935 3850 1069 3904 intrabant
1097 3860 1123 3903 et
1141 3855 1200 3904 siue
1218 3849 1275 3902 ulla
1294 3863 1376 3916 opera
1394 3847 1437 3896 iu·

341 3923 384 3986 ter
402 3918 538 3970 domicilia
561 3920 741 3988 compilabant
761 3937 792 3972 ea
812 3923 899 3972 omnia
916 3937 984 3990 quae
996 3937 1050 3974 non
1070 3932 1145 3976 eraut
1163 3922 1266 3975 obru'ta.
1306 3928 1332 3970 et
1351 3919 1436 3969 futuro

329 3995 464 4056 ,tempore
483 3993 637 4042 catervatim
660 4009 766 4059 semper
786 3993 956 4061 egredientes
987 3993 1083 4046 exinde
1110 3997 1189 4048 etiam
1209 4009 1312 4058 omnem
1332 3988 1437 4042 omnino

342 4060 395 4110 iam
414 4074 499 4128 usque
517 4062 549 4112 ad
569 4071 659 4128 portas
678 4063 840 4130 Byzantinus
868 4071 965 4116 terram
993 4061 1172 4133 cbmpilabant
1195 4065 1382 4130 Romanosque
1407 4057 1438 4110 ab

343 4141 504 4200 enprorsus
523 4133 701 4185 deterrebant.
739 4135 886 4205 vectigalia
913 4144 1000 4198 autem
1020 4137 1151 4196 solvenda
1169 4137 1334 4204 imperabant
1352 4129 1440 4183 bmni-

342 4202 403 4268 uus,
424 4219 492 4273 quae
510 4204 597 4256 media
616 4213 692 4256 eraut
710 4207 825 4274 oppidis.
863 4207 1021 4260 decadarchi
1041 4209 1147 4262 barbari
1168 4217 1194 4260 et
1212 4205 1342 4276 praefecti
1360 4207 1388 4258 in
1407 4204 1440 4254 iis

296 4305 304 4319 ι
346 4273 557 4332 collocabantur.
607 4277 655 4331 sed
683 4291 719 4329 ue
739 4279 776 4330 ita
805 4279 911 4352 quidem
940 4279 1081 4351 diligentia
1108 4283 1165 4335 eius
1191 4280 1300 4336 aestatis
1327 4277 1440 4332 Thraces
1505 4303 1508 4312 v
