3184 5100
239 424 462 496 nrsronnn
488 427 747 498 εειιππειε
765 413 1118 502 anatot-107.
1181 407 1264 500 aco*

112 644 116 655 .
158 586 194 653 τό
218 612 252 672 γε
270 596 420 657 τοιαῦτα·
476 595 531 657 κατ’
550 594 582 659 εἰ
600 596 780 676 πέπαυται,
815 593 871 659 ιιοδ
897 588 1014 680 ἤρξατο
1045 595 1179 670 πόντος.
1222 588 1258 655 τδ
1296 656 1300 662 ,

160 692 188 751 δ’
210 689 387 774 ἀρχόμενον
408 696 464 757 κατ’
480 693 660 775 παυόμενον
684 698 727 781 τῷ
760 696 841 779 μήτε
862 696 1029 785 ἀρχομένην
1051 694 1130 779 μήτε
1155 716 1260 759 πουο·

82 840 83 847 .
158 792 243 879 μένιρ
267 796 333 867 ποῦς
356 787 395 859 δν
419 792 468 879 εἴη
488 794 607 861 τοῦτόν
615 822 627 878 ,·
646 798 704 861 ουίι
726 786 791 878 ῦρα
811 796 848 860 ιδ
871 798 1075 882 δημιουργεῖν
1095 798 1259 860 συνοΐδιον

159 893 201 977 τῷ
224 895 297 979 θεῷ.
340 890 446 978 ῦοπερ
467 892 529 979 γόρ
559 900 617 961 τοῦ
638 895 739 979 πυρός
761 893 861 983 φόσις
884 901 946 979 μέν
974 900 1040 963 έοιι
1071 896 1353 962 toncourt-1⁰⁰
1390 978 1394 983 .

131 991 216 1057 διιόν
238 992 281 1068 οἷς
304 1000 362 1059 τοῦ
383 999 462 1060 θεοῦ
481 996 516 1061 τό
542 994 780 1083 δημιουργικόν,
802 1002 943 1081 ἐνέργεια
976 1000 1014 1063 δέ
1037 997 1073 1062 ιδ
1105 1002 1216 1080 καίειν,
1239 994 1259 1060 δ

161 1091 216 1157 κατ’
247 1092 406 1177 παρόντοςΧ
431 1100 492 1177 μέν
521 1100 578 1161 τοῦ
608 1102 759 1163 καίεσθαι
786 1100 966 1180 δυναμένου
997 1100 1088 1161 δοκεῖ
1112 1100 1259 1181 ἐνεργεῖν,

84 1217 89 1225 ·
161 1188 293 1269 α’πόνιος
316 1196 345 1259 δ’
374 1198 562 1262 έκεένυυκαδ
581 1197 615 1263 εδ
635 1204 738 1266 ναίειν
757 1191 899 1277 ῦπεστιν,
922 1193 1004 1264 οῦιο
1025 1199 1103 1263 adut*
1121 1207 1181 1263 τοῦ
1202 1203 1262 1284 δη·
1316 1222 1323 1243 ι

159 1300 387 1379 μιουργοῦντος
409 1304 491 1385 φαίη
513 1293 631 1382 ειςῦν,
654 1299 812 1384 παρόντος
831 1304 892 1383 μέν
915 1305 975 1366 τοῦ
995 1304 1273 1385 δημιουργεισθαι.

162 1400 312 1475 δεομένου
342 1396 455 1483 χοόραν
485 1399 563 1478 ἴσως
590 1400 660 1485 ἔχει
691 1400 747 1466 κοτ’
775 1406 811 1467 εδ
845 1404 1070 1487 δημιουργεῖν,
1089 1405 1210 1465 ἐκεῖνον
1233 1403 1261 1464 δ’

113 1496 291 1574 ιθοῖπόνιος
312 1503 475 1567 πέπαυται
493 1503 548 1567 καὶ
568 1502 603 1568 εδ
632 1506 850 1587 δημιουργεῖν.
894 1503 1003 1567 ἔπειτα
1025 1501 1082 1586 την
1103 1505 1262 1587 ἐνέργειαν

82 1682 83 1685 ¹
158 1595 274 1682 ταύτην
300 1602 424 1687 ἐντοῖς
446 1607 612 1679 συνθέτοις
647 1606 794 1682 κτίσμασι
827 1602 891 1685 χρη
914 1604 1140 1687 νοεῖνκίνησιν
1161 1596 1262 1668 οῦσον

160 1700 396 1786 ἐνεργουμένην,
419 1702 462 1778 οδς
486 1699 501 1765 δ
525 1708 611 1779 θεῖος
634 1702 668 1768 έκ
687 1705 867 1786 Δαμασκοῦ
888 1708 986 1790 φησιν
1006 1704 1161 1789 Ἰωάννης.
1191 1704 1263 1787 ἥτις

160 1800 216 1863 καέ
234 1800 345 1883 σχέσις
369 1804 439 1867 έστί
461 1804 635 1889 συνθετικὴ
657 1810 721 1870 τοῖν
743 1798 862 1888 ῦιιριον,
885 1808 941 1868 κατ’
960 1798 1037 1868 ῦνευ
1058 1809 1122 1870 νῦν
1141 1808 1262 1889 σχετοῦν

161 1906 306 1965 νοεῖσθαι
325 1900 370 1986 μὴ
391 1907 569 1991 δυναμένη·
623 1897 707 1989 ῦκριι
738 1908 774 1970 δέ
801 1930 885 1991 φημι
917 1904 1008 1969 τότε
1038 1907 1185 1989 ἐνεργοῦν
1208 1911 1263 1972 καί
1356 1917 1368 1926 ”

113 1998 197 2067 15τδ
222 2002 453 2085 ε’νεργοόμενσν.
498 2007 578 2090 ἡδὲ
600 2010 720 2091 κίνησις
744 2011 777 2071 έν
797 2005 903 2095 χρόνῳ
921 2010 954 2071 τέ
976 2003 1045 2077 ἐστι
1067 2009 1123 2070 καί
1141 2010 1181 2093 τῇ
1204 2011 1264 2071 τοῦ

161 2105 318 2185 προτέρου
349 2104 404 2169 ιιαὶ
431 2106 563 2191 ῦστέρου
595 2108 753 2193 πορουσέρ
791 2110 972 2191 διοιιιειεοι,
1007 2101 1092 2190 ῦροις
1124 2116 1263 2183 τοπικοῖς

162 2200 247 2281 ὁμοῦ
268 2207 323 2268 κατ’
343 2217 502 2288 χρονικοῖς
530 2209 718 2273 δουλώσασο
749 2206 807 2292 τὴν
837 2211 1035 2291 έλευθεριόν.
1090 2207 1210 2292 ταύτην
1233 2210 1264 2270 δ’

163 2303 350 2369 ἀνατιθέναι
373 2306 440 2395 θεηῖ
459 2309 522 2371 τεῦν
542 2307 666 2373 πόντιον
693 2312 780 2375 έστέν
803 2309 1016 2375 α’τυπιόιατον.
1068 2308 1103 2373 τῦ
1124 2306 1186 2391 γδρ
1208 2314 1263 2374 έν-

161 2404 265 2488 νόημο
288 2402 379 2489 ἔργον
407 2400 445 2491 ἦν
475 2405 529 2473 έπέ
546 2412 643 2491 θεοῦ,
678 2409 806 2488 α’μέσυος
827 2412 885 2473 τοῦ
905 2407 1105 2492 βουλήματος
1126 2406 1207 2492 πρός
1226 2408 1262 2475 τό

114 2503 244 2575 waere
267 2510 423 2590 πρόθεσιν
452 2512 540 2586 τέλος
559 2514 809 2592 μεθισταμένου.
860 2512 915 2576 καὶ
934 2507 1094 2594 διάστημα
1116 2510 1263 2593 ’χρυνικδν

164 2602 184 2689 ἢ
204 2607 333 2672 τοπικδν
354 2611 423 2674 έκεῖ
441 2609 647 2696 παρεισάγειν
668 2609 816 2676 ὁπωσοῦν
836 2614 959 2701 έπιναέρ
979 2610 1122 2680 τινὶτιῦν
1140 2609 1264 2676 πάντων

164 2710 253 2773 έστδν
285 2711 482 2778 α’τσπιότατον
513 2711 568 2776 καὶ
600 2711 766 2783 α’δδναιον.
805 2709 846 2797 “ἦ
875 2711 937 2798 γάρ
971 2710 1054 2798 όρμη
1087 2716 1144 2796 τῆς
1170 2717 1356 2787 verino!

165 3036 326 3110 amiceque
356 3039 451 3096 effecta
472 3050 512 3096 εει
536 3041 649 3096 deainet.
688 3041 769 3096 desiit
791 3041 876 3111 igitur
897 3033 927 3098 εδ
950 3057 1043 3096 creare
1062 3041 1168 3097 coelum
1188 3044 1262 3099 aliod

166 3119 194 3164 et
212 3121 308 3165 terram
337 3113 415 3174 aliam
435 3123 461 3167 ει
486 3114 570 3168 colem
597 3123 624 3166 ει
642 3113 731 3168 εἰδετε
757 3123 784 3167 ει
806 3112 869 3166 ιεΙίε
893 3116 1009 3184 quidem,
1030 3123 1111 3184 atque
1130 3119 1153 3168 εἰ
1172 3119 1262 3182 δεείἰι,

166 3186 243 3236 etiarn
262 3186 366 3238 initinrn
387 3185 478 3238 habuit
499 3188 616 3239 omnino.
655 3189 725 3256 quod
747 3193 835 3238 autern
855 3188 951 3254 incipit
971 3195 998 3238 et
1012 3187 1110 3239 decinit
1129 3189 1262 3255 qnornodo
1355 3248 1357 3257 η

164 3257 235 3307 idern
255 3273 315 3309 εειε
339 3265 429 3324 potent
455 3275 513 3310 curn
544 3273 595 3324 eo,
623 3259 692 3328 qnod
717 3273 807 3326 neque
830 3259 925 3326 incipit
953 3274 1042 3327 neque
1069 3260 1181 3311 desinit:
1208 3274 1262 3310 non

165 3328 249 3394 igitur
267 3343 358 3380 creare
385 3331 573 3398 sempiternum
602 3339 642 3382 εει
667 3329 745 3381 simul
767 3345 826 3380 cum
854 3332 914 3381 deo.
957 3338 986 3382 nt
1014 3331 1084 3380 enirn
1113 3331 1184 3404 ignia
1211 3345 1263 3381 na.

166 3399 281 3450 incultae
297 3401 409 3465 urendi,
428 3410 458 3453 nt
477 3403 520 3453 dei
542 3401 653 3453 incultae
673 3403 799 3466 creandi,
826 3401 972 3453 efficientia
1000 3409 1087 3453 autem
1107 3408 1148 3452 εει
1173 3417 1263 3464 ιιιειε,

165 3478 227 3522 tura
254 3481 295 3522 εει
319 3473 389 3541 quod
418 3475 496 3525 etiam
521 3481 729 3540 praesentem,
759 3474 828 3541 qnod
854 3474 894 3524 uri
914 3480 1021 3540 potent,
1047 3473 1156 3524 efficere
1184 3473 1263 3523 vide.

167 3550 221 3606 tur,
242 3541 352 3595 absente
371 3552 456 3596 antem
479 3545 528 3598 iilo
549 3547 627 3597 etia‘m
649 3561 727 3596 urere
746 3545 840 3609 abeat,
859 3545 897 3595 ita
917 3546 997 3596 etiarn
1017 3545 1044 3594 in
1065 3550 1172 3595 creante
1192 3544 1264 3594 dicat

166 3613 283 3680 aliquia:
309 3617 332 3666 εἰ
360 3616 435 3667 αδεει
464 3617 534 3684 qnod
560 3617 656 3669 debeat
687 3617 773 3668 creari
797 3615 887 3667 locnrn
917 3617 1031 3666 fortasse
1058 3616 1161 3666 obtinet
1185 3615 1264 3666 etiam

168 3701 277 3736 crearer
309 3688 332 3738 εἰ
350 3686 418 3738 illud
432 3689 525 3753 δεεει,
550 3689 630 3740 δεείἰι
649 3689 726 3739 etiam
747 3703 849 3740 creare.
886 3687 984 3738 deinde
1005 3686 1176 3746 efficientiam
1196 3686 1264 3737 banc

168 3771 239 3825 qnne
261 3759 347 3810 estin
368 3761 465 3811 creatis
492 3762 646 3826 compositis
667 3773 780 3810 necesse
808 3766 849 3809 εει
867 3759 987 3826 cogitare
1012 3765 1041 3807 ut
1056 3758 1202 3808 motionem
1221 3757 1265 3808 ei.

168 3830 286 3892 fectum,
312 3837 341 3880 ut
366 3830 473 3882 divinus
492 3831 530 3882 ait
548 3831 662 3882 Ioannes
684 3829 879 3894 Damascenua,
907 3843 975 3896 quae
1001 3836 1042 3878 ent
1068 3829 1147 3879 etiam
1167 3828 1264 3880 relatio
1358 3863 1364 3866 >

169 3908 289 3952 extremo
308 3902 474 3968 coniungens
493 3918 581 3970 neque
600 3903 658 3952 eine
676 3903 769 3953 relatis
789 3902 903 3968 cogitari
921 3907 1017 3966 potest.
1042 3908 1160 3951 extrema
1177 3909 1265 3951 antem

168 3972 231 4023 dico
253 3971 363 4022 efficere
382 3981 412 4024 et
432 3974 575 4026 effectum:
598 3973 680 4024 motio
705 3981 793 4024 autem
814 3978 855 4022 εει
878 3972 906 4021 in
933 3978 1055 4037 tempore
1074 3979 1101 4022 et
1118 3973 1217 4037 prioris
1239 3980 1266 4023 et

168 4043 328 4110 posterioris
348 4046 500 4110 praesentia
512 4045 718 4108 administratur,
738 4043 834 4094 iinibna
854 4050 1003 4110 temporum
1015 4050 1043 4093 et
1060 4043 1180 4095 locorum
1199 4044 1266 4095 tub.

168 4115 266 4166 iiciena
285 4111 455 4168 libertatern:
476 4133 552 4185 quem
571 4116 677 4185 quidem
704 4115 755 4166 deo
774 4113 930 4178 attribuere,
956 4115 1071 4166 omniurn
1091 4122 1132 4167 εει
1149 4117 1267 4182 ineptia-

167 4187 272 4238 simum.
311 4189 454 4256 cogitatum
488 4189 557 4240 enirn
578 4195 636 4239 erat
653 4189 749 4250 tactum
775 4187 802 4236 in
821 4187 881 4248 δεο,
900 4187 959 4255 ipsa
981 4186 1122 4238 voluntate
1145 4187 1266 4237 adcon.

96 4285 99 4290 ·
166 4261 288 4312 etitntnrn
307 4259 385 4311 finem
399 4266 571 4312 transeunte:
593 4259 734 4311 discrimen
746 4260 874 4324 temporie
887 4266 933 4309 aut
952 4256 1021 4309 locis
1041 4259 1078 4310 ibi
1096 4259 1267 4310 introducere

167 4345 330 4401 quocunqne
352 4331 430 4384 medo
451 4331 615 4400 cogitatione
633 4331 743 4412 epatium
763 4330 878 4382 omniurn
907 4337 950 4382 εει
966 4330 1160 4397 ineptissimum
1173 4322 1267 4411 neque
