3184 5100
316 417 539 484 ursnoursn
567 417 828 486 snnsunusn
844 405 967 488 τινα.
987 402 1027 490 t.
1040 405 1079 488 5.
1182 417 1253 495 ονε

148 577 180 640 τί
198 531 486 651 τοῖς.δτσποτιιισῑς
514 573 530 642 ό
559 581 644 662 δρσλν
672 576 867 666 ἠκολούθησε
898 578 1046 665 δόγμασι.
1102 581 1255 650 δεσπόται

150 679 178 739 δ’
199 668 242 740 δν
263 669 328 742 τίεν
347 675 508 761 ἡγεμόνων
537 682 596 762 μὲν
628 683 683 746 ναί
706 682 873 763 ἀρχόντων
902 680 994 761 νόμον
1025 683 1081 748 καί
1112 684 1256 765 στόθμαι
1323 757 1327 762 ,

150 777 304 858 κανόνων,
326 775 473 901 δπηιιόων
495 781 530 844 δὲ
552 805 605 845 ιιαι
601 783 847 867 συρφετώδους
868 779 1053 867 πληθους’
1032 783 1182 868 ηγτμόντς
1203 783 1258 850 καί

150 872 327 961 όρχσντες,
359 877 403 954 τός
430 881 464 944 ἐκ
485 884 583 964 πηγῆς
616 884 678 946 τεόν
704 882 810 963 νόμων
832 881 916 966 ἔχειν
938 882 974 948 τό
1006 890 1122 967 νρίνειν
1149 887 1256 967 σ’ρθιός

124 963 368 1064 5όφειλοντες.
390 977 489 1044 πολλοὶ
510 982 569 1061 μὲν
592 971 726 1046 υόντων
749 985 920 1064 δρωμίνων
951 979 1059 1048 καθ’“
1045 981 1147 1048 causti
1169 988 1253 1048 θεω-

148 1079 292 1162 ρσόμενα
309 1082 422 1162 λέληθε
443 1083 500 1164 την
520 1083 575 1164 τῆς
594 1087 727 1164 κρίσεως
748 1087 922 1148 κλέπτοντα
938 1085 1077 1163 βάσανον
1097 1088 1153 1150 καί
1172 1084 1253 1170 πρός

149 1181 318 1264 αἰθερίυυς
343 1179 541 1302 ἑξαιρνης’
527 1206 561 1248 εν
594 1183 651 1246 σόν
670 1183 786 1248 εἰδόσιν
813 1179 1034 1269 όνίδραμιν“
1011 1207 1148 1267 υμνους,
1171 1211 1252 1311 προ-

147 1279 325 1366 σειληφότα
355 1284 389 1346 ot
420 1284 475 1346 καί
504 1281 561 1367 τὴν
584 1289 659 1368 μεθ’
687 1275 723 1370 ἧς
745 1289 910 1372 γεγένηται
942 1286 1106 1372 πρόφασιν
1125 1289 1252 1370 μυρίων

148 1383 239 1466 α’ρσόν
261 1378 429 1448 όπεόθυνα
455 1384 688 1470 ἀποπέφανται.
732 1382 813 1448 ἄλλό
837 1389 1026 1487 προσθετέον
1047 1409 1105 1469 μοι
1123 1389 1254 1453 τουτουί

107 1504 138 1560 10
147 1507 205 1550 του
190 1485 315 1547 θείου
337 1483 454 1567 όνδρός
474 1483 530 1550 καί
545 1483 582 1550 τό
609 1482 732 1562 τούτοις
756 1461 979 1552 αἰιόλσσθίι.ιι
982 1488 1014 1552 τί
1035 1487 1155 1564 norst?
1156 1540 1165 1573 ,
1186 1513 1252 1575 φη-

148 1588 211 1666 σίν,
227 1577 418 1670 “όνθρωπτ;
441 1583 609 1672 παρεβόθη
630 1583 736 1667 νόμος,
762 1590 818 1652 καί
830 1589 888 1652 oris
905 1589 1063 1676 ε’πιτιμηῖς,
1084 1590 1160 1654 etot
1182 1594 1251 1679 γίνη

147 1685 294 1768 χαλεπός
315 1685 453 1772 τιμωρός
478 1689 541 1753 ττόν
563 1691 617 1754 τοῦ
643 1689 721 1752 θεοῦ
742 1687 868 1771 νόμων,
897 1687 979 1754 α’λλό
1000 1698 1180 1772 ιισινωνεϊςς
1198 1689 1255 1756 καί

149 1791 245 1852 ποίαν
267 1789 376 1874 σχσίης
396 1783 437 1853 όν
457 1785 661 1874 συγγνώμην,
688 1789 732 1873 μη
752 1788 811 1873 γὰρ
838 1787 948 1864 όθτός
969 1792 1100 1856 ἐνδίκων
1119 1791 1253 1875 χρῄζεις

148 1888 194 1972 μη
219 1888 282 1972 reip
301 1889 508 1975 βοηθούντων
540 1893 656 1973 δεῖται,
687 1894 754 1956 ἀλλ’
790 1892 951 1976 ὑπηρέτην
979 1891 1083 1956 αότοό
1099 1893 1253 1975 γενέσθαι

107 2010 186 2064 15us
208 1988 369 2072 βσόλεται,
392 1994 445 2057 ἵνα
471 1994 640 2058 κάντεῦθεν
663 1993 698 2058 τό
726 1992 893 2080 φιλόδοξον
912 1993 1044 2081 δείξης.”
1083 1991 1139 2058 uui
1156 1991 1173 2056 ό
1193 1995 1256 2073 μέ·

147 2115 209 2174 γας
231 2093 260 2156 δ’
283 2086 399 2173 ὅμοίως
426 2096 525 2180 φησίν
547 2092 739 2170 Ἀθανόσιος
769 2092 812 2168 σός
842 2095 884 2156 ου’
904 2091 999 2175 μόνον
1032 2091 1066 2159 τό
1086 2090 1131 2178 μη
1153 2097 1255 2159 θόυαι

151 2195 282 2275 λίβανον
302 2196 443 2260 δείκνυσι
463 2193 631 2280 μόρτυρας
655 2195 737 2260 α’λλό
759 2198 817 2260 καί
834 2193 869 2258 τό
890 2191 935 2280 μη
956 2191 1012 2280 την
1033 2199 1140 2261 πίστιν
1154 2190 1255 2280 ἄρνη-

149 2298 297 2360 σσσθαι·
324 2297 380 2360 καί
412 2295 492 2380 σόχ,
509 2293 538 2362 οἱ
561 2299 721 2374 κλίναντες
740 2298 785 2371 εἰς
807 2293 925 2361 εἴδωλα
947 2296 1045 2377 μόνον
1065 2297 1256 2381 κατεκρίθη-

148 2420 210 2460 σαν
232 2394 277 2474 σός
297 2394 474 2480 α’λλότριοι,
507 2395 587 2463 α’λλό
610 2396 664 2462 καί
685 2395 714 2462 οἱ
742 2396 974 2481 προδεδωκότες
1004 2400 1063 2481 τὴν
1087 2398 1253 2482 α’λὴθειαν.

107 2494 300 2581 λοἈβραόμ
322 2494 385 2583 γόρ
409 2494 425 2561 ό
449 2496 650 2585 πατριάρχης
668 2498 725 2564 οόιι
745 2498 931 2585 ἀναιρεθείς
946 2496 1164 2587 ἐστεφανώθη,
1184 2501 1255 2565 a'tt'

148 2592 199 2663 ότι
222 2597 332 2675 πιστός
352 2603 457 2684 ys'yoss
479 2604 524 2687 τῷ
544 2604 626 2689 θεῷ·
670 2600 703 2665 οῗ
722 2625 756 2666 τι
778 2594 869 2665 ἄλλοι
891 2596 976 2685 όγιοι
996 2606 1128 2686 πατέρες
1151 2600 1207 2666 καί
1224 2598 1255 2666 οἱ

148 2697 209 2765 σόν
233 2700 358 2787 αότοῖς,
387 2702 462 2788 περί
493 2694 537 2767 σόν
571 2698 717 2771 όπόντων
748 2704 766 2769 ό
792 2705 928 2780 Παῦλος
958 2704 1056 2789 φησίν
1079 2703 1255 2786 ἐπιλείψειν

225 2888 489 2964 ιοχρσσοσιιμσυ
508 2890 774 2965 cernennentes
797 2890 896 2963 ruisi
915 2893 1042 2965 ψαλμοί.
1097 2889 1141 2945 to
1158 2889 1241 2945 ἐκ
1207 2908 1255 2957 της

159 3006 164 3015 .
223 2962 377 3033 ἐγκυκλίου
395 2965 552 3028 inroretur.

149 3124 241 3162 rerum
274 3118 387 3163 eventus
405 3111 440 3163 sit
464 3111 585 3164 dominus
605 3112 859 3177 iudicandarum
878 3108 1069 3162 soluntassua
1089 3116 1182 3161 exacta
1206 3110 1251 3162 sit.

151 3180 220 3232 haec
239 3188 327 3233 uutcnr
346 3182 446 3233 domiui
466 3181 590 3235 voluntas
612 3184 689 3253 leges
717 3192 744 3237 et
762 3183 883 3234 instituta
908 3188 969 3233 sunt
995 3180 1200 3264 imperatoribus
1224 3188 1252 3232 et

149 3254 333 3337 principibus3
353 3254 456 3305 civibus
484 3263 511 3306 et
528 3254 601 3323 plebi
621 3256 796 3323 imperatores
818 3262 845 3305 et
864 3253 1010 3320 principes,
1030 3252 1067 3303 ita
1085 3258 1115 3303 ut
1133 3252 1179 3319 qui
1196 3266 1251 3303 vo·

151 3325 206 3376 cati
226 3325 280 3376 sint
299 3325 402 3377 iudices
424 3327 497 3377 fonte
517 3334 623 3379 utantur
642 3326 757 3395 legibus.
778 3333 805 3376 et
824 3324 906 3377 multa
926 3324 1031 3392 quidem
1050 3329 1112 3374 sunt
1132 3322 1252 3374 facinora

152 3410 222 3465 quae
248 3395 308 3447 dum
329 3412 377 3464 per
396 3412 425 3449 se
450 3405 605 3464 spectentur
633 3399 753 3450 examina
772 3397 888 3448 iudicum
910 3394 991 3447 facile
1009 3394 1154 3461 decipiunt,
1172 3395 1251 3446 etiarn
1317 3419 1320 3428 ,

149 3468 301 3524 laudibus
294 3483 321 3519 rn
341 3468 447 3521 coelum
469 3469 612 3523 efferantur
630 3470 662 3521 ub
681 3469 825 3535 imperitis3
843 3466 1005 3535 simulatque
1021 3473 1109 3517 auteur
1130 3481 1199 3534 quus
1216 3466 1250 3517 iis
1299 3498 1305 3520 τ

150 3540 304 3593 subruerint
321 3541 441 3591 rationes
467 3543 592 3608 cognitae
612 3543 673 3605 sint,
693 3540 768 3592 illico
790 3539 867 3591 mille
884 3536 1112 3591 exsecrationibus
1132 3537 1251 3589 obruan-

151 3621 204 3665 tur.
254 3611 301 3663 sed
325 3620 447 3663 revortar
474 3614 507 3665 ad
526 3613 609 3665 verbu
633 3614 684 3665 viri
714 3612 789 3663 iliius
817 3610 986 3663 sanctissimi.
1034 3609 1148 3675 ‚„homo
1167 3609 1251 3675 dicit,

151 3684 215 3753 quid
242 3680 321 3751 agis?
341 3682 418 3751 leges
438 3684 557 3737 violatae
576 3692 645 3739 sunt.
690 3692 754 3735 tune
773 3684 855 3735 iudex
876 3682 1020 3734 exstiturus
1039 3679 1088 3733 es?
1105 3696 1140 3733 an
1161 3681 1252 3733 viola-

150 3765 240 3807 torum
270 3756 360 3807 socius
382 3771 459 3823 quam
481 3772 593 3809 severus
618 3756 708 3825 legum
732 3757 881 3807 divinarum
903 3754 975 3806 ultor
995 3768 1055 3806 esse
1072 3751 1171 3805 unalis?
1205 3752 1253 3807 ssd

151 3844 221 3896 quae
241 3826 289 3879 tibi
309 3827 361 3877 erit
378 3826 480 3879 venia?
521 3828 644 3880 nimirum
663 3826 794 3879 ultoribus
812 3828 877 3878 deus
898 3841 952 3877 uon
975 3833 1038 3893 eget
1053 3840 1142 3893 neque
1159 3834 1252 3877 nostro

151 3898 265 3951 auxilio.
310 3898 357 3951 sed
377 3908 497 3961 suumte
518 3898 577 3951 vult
598 3916 658 3951 esse
683 3901 847 3963 ministrum,
867 3912 899 3949 eo
919 3904 949 3948 ut
967 3898 1093 3964 pietatem
1120 3896 1251 3951 declares.

152 3974 232 4023 etiam
251 3984 362 4039 maguus
381 3970 429 4022 ille
447 3971 608 4025 Athanasius
628 3986 682 4023 nou
703 3987 749 4023 eos
769 3970 921 4037 tantumqni
941 3976 1000 4021 turs
1019 3968 1109 4021 iacere
1127 3977 1254 4022 recusent

151 4051 284 4108 martyras
304 4058 363 4094 esse
382 4043 457 4109 dicit,
475 4042 522 4095 sed
544 4043 623 4094 etiam
644 4043 689 4111 qui
707 4043 854 4095 doctrinam
873 4056 946 4093 suum
964 4055 1066 4109 negare
1084 4040 1181 4093 nolint.
1200 4058 1253 4095 ne.

152 4132 205 4183 que
225 4116 245 4165 ii
265 4120 364 4165 tanturn
385 4116 429 4182 qui
438 4114 510 4166 idola
529 4115 631 4167 adorati
652 4122 794 4179 sunt‚sunt
813 4111 946 4176 infideles,
966 4112 1102 4165 sedetiam
1121 4114 1168 4180 qui
1186 4129 1252 4181 pro-

151 4188 277 4247 diderunt
296 4185 433 4237 doctrinae
458 4188 608 4239 veritatem.
645 4201 705 4237 uum
730 4185 882 4253 patriarcha
899 4184 1013 4238 Abrsam
1038 4197 1092 4235 nou
1111 4184 1156 4251 qui
1177 4200 1252 4237 mor.

149 4266 209 4313 tuus
229 4258 265 4311 sit
291 4270 339 4325 pro
367 4258 418 4311 deo
443 4258 490 4311 aed
510 4260 555 4327 qui
576 4258 663 4311 tidelis
683 4256 764 4309 fuerit
783 4256 896 4324 pelorum
914 4256 1029 4324 accepit.
1067 4257 1146 4307 etiam
1164 4258 1252 4311 suncti

148 4342 239 4406 patros
260 4329 353 4385 etalii
375 4346 442 4403 quos
462 4345 553 4389 omues
574 4328 798 4389 commemorandi
816 4329 855 4385 st
873 4328 973 4385 Paulus
993 4329 1058 4385 dicit
1075 4335 1180 4399 tempus
1199 4325 1250 4384 sibi
