3184 5100
313 397 338 476 8
612 388 840 458 lllCliPllOlll
870 383 1102 453 GREGORAE

315 561 369 628 διά
401 556 615 644 γραμμάτων,
644 548 690 631 οἷς
717 547 878 639 ἡμᾶςκαὶ
905 549 1071 631 πόρρωθεν
1100 553 1204 634 φιλεῖν
1233 548 1416 631 προθυμίας

316 661 505 746 ε’μπύρευμα
527 655 637 737 ἔνεστι,
660 651 844 734 δεξιοῦσθαι
866 648 922 716 τόν
945 644 1054 728 όμοιον
1069 647 1197 731 τρόπον,
1220 647 1276 712 καί
1298 647 1418 730 τρίτον,

317 762 420 828 όπόσα
445 760 488 848 τῷ
511 761 564 843 τῆς
594 753 734 839 ἱστορίας
759 753 911 832 ξυντείνει
939 752 1102 831 συλλέγειν
1132 751 1259 837 σκοπῷ·
1303 743 1417 831 ἥδεται

316 861 376 949 γάρ
402 885 467 936 πως
489 860 508 943 ἦ
532 853 622 942 ψυχὴ
651 857 705 920 καί
726 849 923 938 χειραγωγὸν
951 852 1006 916 ἐπί
1030 848 1069 914 τό
1099 846 1249 915 κάλλιστα
1278 852 1341 914 ναόν
1361 850 1417 931 τῆς

317 957 458 1047 ἱστορίας
492 955 686 1044 πραγμάτων
716 953 832 1034 ἔξωθεν
860 951 1039 1037 ἔμπρακτον
1077 951 1169 1034 λόγον
1197 952 1444 1034 δανιιζομόνη,5

317 1063 398 1148 πλὴν
420 1064 451 1127 εἰ
467 1059 514 1158 μὴ
534 1055 699 1140 δύσμαχος
721 1054 817 1138 κόρου
841 1052 926 1128 τινός
949 1050 1049 1116 αύτόν
1072 1054 1201 1134 όνσχλεῖ
1218 1053 1374 1134 τυραννίς,
1398 1047 1420 1131 ἢ

317 1161 557 1232 τάναντιοότατα
587 1163 645 1240 μέν
666 1181 731 1233 πτας
756 1154 823 1238 ἔχει
847 1158 885 1242 τῇ
914 1156 977 1218 τῶν
1002 1149 1163 1237 Σειρήνων
1196 1153 1324 1216 ἐκείνων
1341 1150 1421 1238 ᾠδῇ,

318 1262 395 1350 πρός
425 1265 461 1327 δὲ
483 1261 540 1345 την
562 1259 675 1340 όμοιάν
704 1258 804 1344 ἐκείνη
833 1258 925 1341 φόρει
949 1254 1065 1340 ζημίαν
1087 1252 1312 1337 λανθάνουσα,
1333 1254 1423 1315 duet-
1501 1327 1504 1355 1

319 1363 420 1450 δήπερ
450 1361 550 1446 ἐκείνη
578 1363 637 1441 μὲν
676 1360 715 1448 τῇ
737 1363 792 1442 τῆς
821 1360 977 1439 ἐμμελοῦς
1006 1356 1161 1438 άρμονιάς
1190 1353 1340 1437 ἁβρότητι
1363 1377 1424 1415 κα-

318 1461 498 1548 τακηλούσά
517 1483 550 1525 τε
569 1459 624 1524 καό
644 1458 838 1544 γοητεύουσά
860 1455 917 1532 τάς
939 1453 1046 1536 α’κοάς,
1067 1457 1207 1536 δέσμιον,
1231 1447 1266 1528 ός
1281 1456 1329 1528 τίς
1352 1456 1424 1516 ποτ’
1433 1469 1465 1521 10

320 1561 374 1648 ἄρ’
396 1556 434 1648 ἦν
466 1558 554 1645 ὁτῆς
586 1561 672 1648 tillo
690 1561 808 1643 ἐκείνης
835 1557 1071 1642 κατατρυφύν,
1103 1556 1183 1640 πρός
1202 1554 1259 1630 τός
1279 1557 1338 1618 τού
1356 1558 1424 1617 θα-

319 1666 413 1730 νάτου
436 1659 575 1728 συνοόδει
597 1659 708 1740 πύλας,
730 1663 830 1744 μηδὲν
851 1663 973 1740 μάλλον
1000 1660 1036 1721 όκ
1056 1661 1114 1722 τού
1133 1659 1250 1736 μέλους
1272 1658 1308 1744 τῇ
1329 1671 1420 1740 ψυχη

320 1763 618 1848 προκατατιδεμόνη
639 1763 801 1835 λυσιτελὲς
823 1754 844 1844 ἢ
864 1757 974 1844 βραχύ
996 1784 1028 1822 τι
1052 1759 1162 1842 κέρδος
1184 1755 1280 1839 όκοῆς
1301 1754 1424 1822 άκολά-

320 1890 404 1952 στου,
428 1867 541 1950 ζημίας
571 1865 721 1948 μεγίστης
751 1862 913 1946 πρόξενον.
968 1857 984 1922 o‘
1014 1860 1049 1923 δὲ
1077 1860 1225 1934 παιδείας
1252 1856 1424 1943 ἧλικιιότης
1506 1923 1508 1929 ,

320 1964 410 2051 λόγος
433 1965 556 2051 ω’φελεϊ
581 1967 641 2044 μὲν
664 1959 780 2048 νεαρόν
815 1958 869 2025 καί
896 1960 1033 2042 χλοάζον
1063 1959 1162 2024 εἰπεῖν
1191 1957 1227 2022 τό
1259 1955 1465 2042 όπαγωγόνιὸ
1506 2004 1507 2011 1

320 2070 520 2150 κεκτημένος,
547 2064 606 2140 ἕως
636 2057 675 2129 όν
699 2061 841 2148 ναύτην
869 2066 1071 2146 συμμετρίαν
1100 2059 1260 2146 πάρεδρον
1281 2058 1339 2146 ἔχη
1370 2060 1426 2124 καί

321 2165 400 2252 πρός
419 2167 606 2252 βραχύτητα
628 2164 661 2230 τό
690 2169 748 2231 τού
772 2164 891 2247 δρόμου
922 2164 1075 2250 συστόλλη
1097 2156 1242 2227 στάδιον·
1286 2157 1366 2225 εἀάν
1389 2162 1425 2225 δὲ
1507 2222 1509 2241 ,

270 2344 273 2354 ,
321 2269 442 2356 τῇ’τοῦ
464 2267 559 2351 κόρου
581 2271 743 2355 πλεονεξίᾳ
763 2263 822 2341 τάς
849 2264 954 2351 θύρας
984 2261 1181 2350 α’νααετάση,
1202 2266 1352 2342 πολέμιος
1371 2261 1424 2325 τό.
1506 2324 1509 2343 ,

322 2365 385 2443 θύς
405 2369 462 2432 καί
484 2366 582 2440 αύτός
610 2363 712 2456 ἑαυτῷ
743 2370 893 2452 φωρᾶται
921 2364 1120 2449 γιγνόμενος,
1141 2361 1197 2427 κατ’
1217 2358 1424 2446 άμαάηδίας
1505 2437 1508 2442 ,

244 2457 248 2465 “
320 2471 448 2551 μακραῖς
477 2466 586 2554 τὸτῆς
613 2469 724 2553 ψυχῆς
746 2465 900 2554 ἡδόμενον
922 2464 1105 2548 ἐμπιπλῶν,
1124 2467 1179 2528 καί
1207 2458 1282 2551 όλην
1303 2463 1467 2547 ε’κείνηνλλ)

323 2566 554 2653 άναμοχλεύων
585 2574 641 2635 καί
663 2562 846 2653 άνατρδποον
874 2566 931 2654 τήν
950 2569 1060 2653 χάριν.
1112 2570 1213 2653 ἦδόοος
1233 2569 1310 2650 γούν
1331 2562 1424 2647 ἔγωγ’
1508 2627 1510 2651 2

322 2667 490 2751 ἀκούσαιμ’
513 2662 569 2751 όν,
587 2672 644 2733 νόν
663 2671 801 2752 μᾶλλον,
825 2667 913 2753 εἴπερ
937 2671 1027 2749 nord,
1047 2667 1168 2753 σχολὴν
1191 2660 1277 2753 άγων
1297 2665 1425 2751 α’πρόγ-
1508 2749 1509 2754 ¹

323 2948 428 3006 tempus
447 2937 561 3005 ferebat,
580 2939 695 2992 studium
713 2938 813 2991 licebat
832 2938 979 3004 collocare,
1008 2946 1038 2991 ut
1055 2946 1110 2991 turn
1129 2954 1188 2991 cum
1206 2939 1250 3003 iis,
1269 2938 1423 3007 quicunqne
1502 2981 1505 2988 .

324 3026 367 3063 me
387 3008 434 3061 alii
453 3009 513 3062 aliis
533 3010 697 3077 temporibus
717 3012 830 3075 adirent,
849 3026 918 3079 quae
936 3012 1050 3078 tempori
1070 3019 1098 3063 et
1115 3012 1156 3062 rei
1176 3011 1324 3063 convenire
1342 3011 1421 3063 vide.

324 3088 432 3143 rentur‘,
466 3080 525 3132 inse
554 3089 635 3150 atque
662 3083 772 3149 copiose
794 3081 1001 3147 confabularer,
1022 3091 1077 3133 tum
1095 3080 1218 3149 epistolis
1236 3082 1358 3145 amicos,
1378 3083 1423 3150 qui
1505 3083 1508 3090 “

326 3153 404 3219 etiam
423 3152 517 3217 procul
536 3154 588 3203 mei
607 3168 698 3203 amore
718 3154 857 3217 arderent,
877 3153 957 3204 simili
976 3154 1080 3205 ratione
1098 3152 1295 3219 amplecterer,
1315 3154 1422 3205 tertium
1506 3201 1509 3208 ,

303 3220 354 3275 ἰιι
384 3220 542 3290 colligerem
567 3240 635 3291 quae
658 3225 691 3275 ad
715 3224 852 3284 historiam
871 3226 1014 3291 pertinent.
1064 3225 1214 3276 delectatur
1232 3225 1302 3275 enim
1321 3224 1423 3276 animus
1507 3273 1508 3276 ,

325 3309 405 3362 quum
430 3294 596 3346 extrinsecus
625 3296 920 3347 narrationemveram
939 3304 1020 3363 atque
1050 3296 1187 3347 ellicacem
1214 3295 1327 3361 accipit,
1354 3311 1423 3363 quae

326 3366 402 3433 quasi
420 3378 498 3415 manu
517 3366 596 3417 ducat
617 3366 649 3416 ad
669 3366 861 3432 pulcherrimas
880 3382 1000 3435 quasque
1020 3366 1148 3418 historiae
1166 3382 1229 3429 res,
1247 3367 1300 3417 nisi
1322 3382 1355 3417 ea
1370 3368 1423 3417 im.

324 3435 428 3488 modica
447 3443 527 3502 atque
546 3437 672 3487 indomita
684 3452 772 3489 rerum
786 3439 924 3490 saturitate
936 3452 1065 3503 oppressa
1078 3446 1210 3501 teneatur,
1229 3453 1308 3505 quae,
1328 3453 1424 3505 qnam.

326 3522 403 3575 quam
432 3510 540 3573 prorsus
565 3508 698 3559 contraria
718 3516 758 3561 est
777 3508 899 3561 Sirenum
924 3508 1031 3561 illarum
1043 3510 1157 3572 cantui,
1176 3517 1291 3561 attamen
1313 3510 1424 3561 eandem

325 3580 384 3631 lere
402 3577 470 3631 clam
490 3579 596 3631 adducit
616 3594 737 3645 poenam.
758 3588 850 3631 cantus
871 3581 941 3631 enim
959 3579 1009 3631 ille
1030 3581 1156 3632 concordi
1174 3594 1271 3633 vocum
1290 3588 1425 3632 concentu

325 3657 405 3717 atque
423 3650 622 3719 magnificentia
642 3666 719 3703 aures
748 3651 881 3705 deliniens
900 3659 979 3719 atque
1002 3650 1168 3715 demulcens,
1187 3652 1308 3719 quisquis
1327 3652 1425 3705 suavi-

324 3727 379 3771 tate
400 3721 457 3771 eius
477 3721 669 3785 oblectabatur,
689 3738 748 3774 eum
769 3721 886 3774 vinculis
905 3730 1009 3789 captum
1033 3722 1066 3774 ad
1084 3725 1177 3775 mortis
1201 3721 1341 3789 compellit
1358 3737 1425 3789 por.
1508 3780 1509 3785 Ἰ

325 3798 376 3853 tes,
389 3804 552 3857 quamquam
579 3808 612 3843 ex
638 3810 670 3845 eo
697 3788 729 3846 a'd
748 3796 862 3845 animum
880 3793 985 3845 nullum
1011 3793 1083 3845 aliud
1112 3793 1277 3845 commodum
1294 3794 1427 3846 redundat
1507 3853 1509 3856 .

325 3860 379 3913 nisi
399 3859 491 3913 brevis
519 3863 623 3929 quidam
642 3866 842 3932 intemperantis
860 3866 963 3916 aurium
982 3864 1170 3917 oblectationis
1197 3866 1314 3928 fructus,
1345 3880 1426 3933 quem
1506 3865 1509 3882 ³

325 3930 439 3983 maxima
457 3933 578 3998 sequitur
596 3948 691 3998 poena.
736 3938 854 3988 narratio
873 3944 961 3987 antem
981 3937 1105 4003 prodest,
1134 3937 1158 3989 si
1177 3936 1283 4003 quidem
1301 3936 1427 3988 iuvenile
1500 3989 1505 4000 ‚

327 4002 457 4069 quoddam
475 4009 554 4071 atque
573 4004 709 4069 floridum,
741 4014 770 4057 ut
788 4009 825 4058 ita
843 4008 943 4072 dicam,
974 4009 1172 4060 incitamentum
1200 4015 1226 4058 et
1254 4015 1341 4073 aptam
1360 4022 1426 4075 par.
1503 4011 1505 4016 '

326 4074 391 4125 tium
411 4073 526 4124 omnium
555 4078 755 4146 congruentiam
782 4079 880 4130 habeat
899 4079 1079 4146 brevibusque
1109 4078 1205 4131 finibus
1224 4094 1299 4130 suum
1318 4095 1428 4130 cursum

327 4143 535 4196 circumscribat.
578 4148 620 4199 sin
652 4154 739 4198 autem
763 4151 861 4201 nimiae
883 4151 1060 4202 abundantiae
1083 4157 1163 4217 atque
1192 4150 1310 4200 satietati
1331 4142 1428 4216 portas

326 4214 487 4281 patefaciat,
517 4219 603 4269 statim
628 4221 686 4284 ipsa
709 4220 759 4271 sibi
792 4219 900 4273 inimica
919 4221 1009 4273 evadit
1026 4222 1161 4288 animique
1187 4220 1316 4271 laetitiam
1335 4221 1428 4273 taedio

328 4298 425 4352 magno
453 4285 561 4353 implet,
586 4298 665 4359 atque
690 4306 793 4343 omnem
818 4291 891 4345 illam
911 4292 1074 4359 voluptatem
1093 4295 1169 4361 quasi
1199 4298 1278 4345 vecte
1307 4292 1430 4361 effringit

1498 4367 1509 4390 d
