3184 5100
887 212 961 266 w

333 394 408 469 sos
483 471 486 480 ,
645 395 867 469 uronoaonr
899 391 1129 463 oaaooaan
1223 341 1226 352 ’

334 560 483 629 ἐναντίων
514 560 635 644 λόγον.“
689 554 770 624 ὥστε
808 560 980 625 πσλνθέίαν
1012 551 1243 639 ἀγωνιζόμενος
1281 554 1438 619 σονιστσῖν

230 704 238 717 ·
334 659 435 739 ἑάλως
457 662 511 729 καί
533 661 646 727 α’θείαν
667 665 788 744 νοσῶν,
809 659 848 725 τὰ
880 664 914 726 έκ
935 662 1107 740 διαμέτρου
1131 655 1233 721 κακέ·
1277 654 1333 719 καί
1353 654 1438 717 πέπ-

332 787 415 828 τωκε
439 764 490 829 διο
513 766 661 847 βραχέων
683 762 722 827 τὰ
743 766 807 829 τσῖν
827 760 903 827 σοον
913 756 1116 846 ἀκροπόλεων
1138 753 1357 840 ὄχνραίματα,
1380 758 1436 840 ἐφ’

337 856 384 939 οἷς
406 866 594 939 έπεποίθεις.
639 861 685 929 ἔτι
706 862 771 948 μὴν
792 859 900 946 ἐπειδη
922 885 980 947 περ
1006 853 1083 925 ἄλλα
1102 860 1167 947 φῂς
1187 851 1270 922 εἶναι
1292 857 1327 922 το
1350 854 1435 940 ἔχον,

337 960 413 1029 dito
435 967 470 1029 dd
491 964 526 1029 τὸ
549 960 639 1031 ἑκτὸν
673 963 727 1029 καί
748 959 925 1047 ίισίφορον,
945 963 1044 1049 φαίης
1076 954 1116 1023 ds
1146 957 1201 1023 καί
1223 951 1300 1023 ἄλλα
1321 962 1381 1038 μέν
1402 961 1465 1039 ἐξῇ

338 1066 475 1150 ἀνάγκης
495 1058 576 1131 εἶναι
597 1064 652 1131 τίν
673 1066 767 1147 θεόν,
791 1059 869 1129 ἄλλο
889 1066 923 1129 δέ
943 1047 999 1147 την
1029 1054 1165 1144 ὕπαρξιν
1183 1060 1303 1124 ον’τσῦ·
1346 1063 1437 1142 λέγε-

206 1166 471 1250 t.142v.1ot7dp
501 1166 616 1241 οθεός
645 1168 700 1231 καί
722 1167 835 1231 ον’σίαν
866 1163 952 1248 ἔχειν
978 1160 1034 1227 καί
1053 1157 1200 1244 ὕπαρξιν.
1255 1156 1345 1225 ἔσται
1369 1154 1436 1243 ἄρα

271 1288 324 1340 ιο
338 1264 414 1333 κατὰ
438 1272 474 1333 σέ
496 1266 569 1343 θεὸς
591 1264 791 1349 α’νοπαρκτσς
809 1270 865 1331 καί
885 1261 1020 1349 ὕπαρξις
1042 1266 1122 1327 θεοῦ
1141 1254 1245 1337 ἄθεος.
1289 1259 1343 1325 καί
1362 1265 1438 1344 περί

336 1373 393 1451 τῆς
414 1366 569 1451 ἐνεργείας
591 1369 620 1431 δ’
642 1365 757 1446 ὁμοίιος
779 1371 905 1431 λεκτέον
921 1364 974 1429 καί
994 1366 1178 1449 έρωτητέσν,
1200 1363 1231 1427 εί
1251 1361 1270 1446 ἦ
1293 1358 1436 1444 ἐνέργεια
1515 1341 1516 1404 ί

337 1466 404 1551 ἔχει
426 1470 585 1552 ἐνέργειαν
615 1460 723 1551 ἄλλην.
777 1470 808 1533 εἰ
826 1464 887 1551 γορ
912 1463 991 1548 ἔχει,
1015 1463 1072 1529 ota
1096 1457 1178 1549 ἄρα·
1236 1467 1291 1527 καί
1314 1459 1347 1527 εἴ
1364 1463 1433 1542 δύο,
1446 1474 1487 1527 10

338 1570 478 1653 διάφορα
500 1567 643 1647 πάντας·
675 1562 836 1651 ἄλλογὰρ
859 1570 924 1631 δεῖν
949 1563 1027 1632 εἶναι
1049 1563 1128 1652 ἔφης
1150 1566 1376 1647 τοῦέχομένσν
1399 1563 1435 1629 το
1516 1625 1517 1638 ,

338 1665 421 1751 ἔχον.
446 1669 500 1733 καί
516 1670 640 1752 γίνεταί
655 1692 700 1745 τις
716 1670 955 1753 τερατομορφος
976 1664 1240 1751 ένεργοενέργεια.
1284 1666 1314 1729 εἰ
1332 1668 1368 1731 dd
1389 1662 1434 1750 μη
1516 1667 1517 1756 ί

337 1771 439 1851 τοῦτο,
465 1770 522 1832 στίκ
546 1766 584 1835 έν
606 1769 654 1857 εἴη
677 1770 732 1855 την
755 1765 1026 1852 ένέργειαν.ἔχειν
1047 1766 1220 1852 ἐνέργειαν.
1276 1767 1331 1831 καί
1351 1792 1438 1849 oop-

337 1867 467 1953 βήσεται
500 1872 556 1953 την
583 1868 732 1955 τοιαύτην
763 1871 922 1953 ἐνέργειαν
953 1869 1160 1949 α’νενέργητσν
1192 1860 1283 1931 εἶναι.
1341 1864 1375 1931 το
1410 1870 1438 1931 δ’

340 1972 542 2056 α’νενέργητσν
570 1974 624 2036 καί
649 1968 849 2056 α’νοπαρκτον
872 1976 945 2035 καθ’
975 1965 1014 2055 ἣν
1040 1964 1272 2053 βωμσλσχησας
1291 1966 1438 2052 πραοθη-
1448 1980 1487 2031 15
1517 1929 1519 2062 Ι

339 2096 396 2147 τας
418 2075 507 2137 θέσιν
537 2097 569 2138 τε
600 2077 656 2137 καί
678 2074 835 2157 πρότασιν
861 2066 965 2147 αοτος.
1018 2070 1052 2137 το
1085 2068 1146 2154 γορ
1173 2067 1218 2154 μὴ
1241 2068 1330 2157 ἔχον,
1348 2067 1437 2156 ἔφης,
1517 2095 1518 2108 ’

341 2174 499 2255 ἐνέργειαν
524 2164 589 2237 οὔτ’
613 2170 699 2238 ἔστιν
720 2167 792 2238 οὔτε
814 2175 845 2238 τί
869 2171 964 2239 ἔστιν.
1016 2163 1082 2237 οὔτ’
1105 2170 1172 2237 ἔστι
1191 2174 1351 2246 παντελῶς
1374 2170 1439 2234 αο-

342 2275 400 2337 τσῦ
420 2275 524 2355 dioec,
545 2272 599 2338 καί
621 2274 766 2339 ἀπόλωλέ
786 2298 837 2339 σοι
859 2273 893 2339 τέ
907 2271 1101 2355 σπσύδασμα
1122 2275 1164 2351 δι’
1185 2272 1291 2355 σ’λίγσσ
1308 2269 1363 2335 καί
1383 2275 1440 2355 τῆς

341 2376 511 2457 μοχθηρᾶς
531 2384 685 2458 γεωργίας
707 2373 723 2437 ὃ
744 2375 873 2460 στάχυς,
896 2366 915 2457 ἢ
938 2372 971 2449 ἐς
990 2374 1190 2459 ἀνύπαρκτον
1211 2369 1294 2457 ἡμᾶς
1317 2374 1440 2455 δογμα-

276 2476 461 2554 κτίζοντι·
477 2463 635 2539 πιστεύειν
663 2466 683 2559 ἢ
713 2477 757 2552 εἰς
779 2474 932 2541 σύνθετον
959 2472 1107 2560 θεότητα.
1160 2476 1359 2539 ἐναντιοῦται
1380 2472 1488 2559 γέρρα
1519 2541 1520 2565 η

344 2573 394 2641 σοι
417 2579 472 2641 καί
499 2576 515 2638 ὅ
539 2582 626 2654 θεῖος
651 2573 834 2663 Κοριλλσς,
868 2569 1098 2644 ἄτοπονέἶναι
1130 2579 1262 2664 φάσκων
1283 2573 1317 2642 το
1340 2578 1442 2658 λέγειν

343 2885 377 2941 lis
398 2891 425 2938 et
445 2881 562 2938 essentia
581 2883 623 2936 dei
645 2883 786 2939 divinitate
808 2884 944 2939 destituta.
969 2886 1008 2938 ait
1024 2886 1093 2938 enim
1111 2886 1190 2938 otiam
1205 2883 1351 2954 Gregorius
1367 2879 1442 2950 itys.

338 2955 436 3012 'saeuae
463 2953 602 3009 sibonum
622 2965 680 3023 est,
700 2973 811 3024 pravum
828 2974 883 3011 non
903 2966 960 3015 est:
980 2959 1022 3010 εἰσ
1040 2966 1127 3010 autem
1143 2974 1255 3025 pravum
1272 2965 1323 3021 est,
1342 2955 1442 3008 bonum

345 3045 400 3082 nou
420 3037 475 3093 est,
502 3029 644 3080 secundum
670 3045 726 3080 eam
745 3031 894 3096 rationem,
914 3031 983 3099 quod
1002 3030 1137 3082 contraria
1160 3029 1283 3096 componi
1301 3042 1357 3080 non
1375 3041 1442 3094 pos-

345 3109 414 3155 sunt.
438 3100 528 3168 itaque
548 3117 606 3152 oum
619 3100 722 3170 multos
742 3103 807 3154 deos
822 3117 984 3169 componere
1003 3101 1189 3165 contenderes,
1209 3099 1392 3166 deprehensus
1412 3113 1443 3150 es

347 3173 479 3244 etium'ex
500 3173 644 3240 negatione
665 3175 743 3223 unius
764 3174 807 3224 dei
835 3181 996 3241 aegrotans,
1017 3189 1086 3240 quae
1105 3181 1166 3224 sunt
1184 3174 1298 3223 maxime
1317 3173 1444 3238 opposita

344 3243 423 3308 raaia,
444 3251 471 3294 et
483 3243 657 3295 conciderunt
675 3247 765 3310 parvis
783 3245 883 3296 urcium
901 3253 1005 3296 tuarum
1017 3245 1130 3296 castella
1148 3252 1175 3295 et
1187 3245 1359 3306 munitionen,
1378 3243 1442 3310 qui.

344 3315 393 3367 bus
414 3315 530 3366 confisus
553 3331 620 3366 eras.
659 3316 756 3368 deinde
775 3323 864 3366 autem
893 3319 1017 3383 quoniam
1042 3316 1115 3376 aliud
1135 3316 1201 3366 dicis
1223 3313 1371 3382 essequod
1390 3314 1443 3364 ba.

345 3385 400 3450 bet,
420 3385 492 3438 aliud
512 3385 582 3454 quod
604 3384 716 3438 habetur
736 3395 763 3438 et
791 3388 935 3450 diversum,
954 3389 1068 3439 fortasse
1087 3389 1160 3439 dices
1190 3389 1268 3438 etiam
1288 3385 1442 3436 aliudesse

344 3457 497 3510 necessario
517 3457 610 3522 deum,
639 3456 711 3508 aliud
741 3459 798 3509 eius
824 3459 1006 3511 substantiam.
1052 3460 1149 3510 dicitur
1175 3459 1244 3508 enim
1264 3458 1329 3508 deus
1349 3463 1377 3507 et
1396 3471 1444 3506 es.

345 3531 457 3582 sentiam
476 3527 575 3580 babere
598 3535 624 3578 et
644 3526 825 3581 substantiam.
864 3532 915 3582 orit
932 3532 1014 3600 igitur
1034 3546 1067 3581 ox
1084 3539 1130 3581 tua
1148 3529 1281 3580 sententia
1299 3527 1364 3579 deus
1386 3541 1444 3577 non

344 3599 543 3664 substantialis,
572 3607 598 3650 et
623 3599 771 3652 substantia
796 3601 839 3652 dei
867 3603 1007 3654 divinitate
1031 3602 1176 3664 destituta,
1197 3610 1223 3652 et
1240 3601 1274 3652 de
1293 3599 1446 3650 efficientia

344 3673 413 3724 idom
432 3672 571 3724 dicendum
592 3672 643 3722 orit
662 3680 689 3723 et
705 3671 895 3739 quaerendum,
913 3690 975 3726 num
996 3672 1141 3724 efficientia
1154 3672 1252 3724 babeat
1271 3670 1444 3722 efficientiam

345 3743 441 3808 aliam,
463 3745 559 3794 etenim
579 3742 601 3794 si
620 3742 714 3808 habet,
734 3752 796 3796 sunt
815 3745 897 3813 igitur
915 3746 983 3810 dno,
1006 3760 1038 3795 ac
1058 3745 1080 3795 si
1100 3745 1168 3808 duo,
1190 3745 1298 3797 diversa
1317 3743 1445 3802 omnino;

344 3813 417 3864 aliud
437 3815 506 3864 enim
526 3821 652 3880 oportere
673 3831 732 3866 esse
751 3815 860 3867 dicebas
880 3824 961 3884 atque
979 3814 1005 3868 id
1025 3814 1095 3883 quod
1121 3814 1233 3866 babetur
1256 3814 1284 3864 id
1303 3814 1373 3882 quod
1392 3811 1446 3862 ba-

344 3883 399 3946 bet,
423 3892 450 3934 et
470 3885 554 3936 oritur
567 3885 693 3952 quaedam
714 3888 808 3938 mirum
827 3888 855 3938 in
874 3889 978 3938 modum
1005 3887 1116 3938 formata
1135 3886 1298 3937 efficientiae
1318 3883 1447 3935 efficien-

344 3955 396 4015 tia,
416 3954 457 4004 sin
476 3963 563 4006 autem
583 3955 634 4006 boc
654 3961 745 4008 v'erum
765 3973 820 4008 non
840 3967 889 4022 est,
920 3974 974 4010 non
995 3966 1085 4025 potest
1104 3957 1249 4009 efficientia
1271 3955 1447 4007 efficientiam

344 4023 454 4088 habere,
474 4033 500 4076 et
518 4034 645 4092 sequetur
663 4035 692 4080 ut
712 4029 858 4082 efficientia
877 4031 1006 4082 eiusmodi
1031 4029 1066 4081 sit
1089 4028 1222 4081 inefficax.
1268 4027 1338 4094 quod
1355 4032 1446 4077 autem

345 4095 472 4146 inefficax
493 4103 542 4160 est,
562 4098 640 4148 otiam
661 4107 702 4150 est
719 4116 773 4152 non
788 4101 972 4166 substantiale,
993 4101 1136 4154 secundum
1150 4116 1217 4165 eam,
1240 4114 1317 4167 quam
1337 4105 1366 4148 ta
1385 4098 1448 4162 ipse

344 4173 459 4232 nugatus
478 4167 656 4234 proposuisti,
685 4170 773 4222 thesin
801 4180 828 4223 et
845 4175 973 4240 protasia.
1022 4172 1192 4224 efficientiam
1220 4173 1299 4236 enim,
1321 4169 1371 4233 ais,
1390 4181 1448 4218 non

344 4236 446 4288 babens
464 4253 553 4306 neque
572 4247 613 4290 est
630 4247 720 4309 neque
746 4243 887 4312 quidquam
918 4253 974 4297 ests
993 4245 1072 4295 immo
1094 4246 1201 4296 omnino
1222 4257 1277 4294 non
1294 4248 1342 4295 ,est
1357 4238 1447 4292 thesis

344 4315 389 4366 tua
410 4316 436 4364 et
454 4307 531 4366 breui
559 4311 662 4364 interiit
685 4313 734 4366 tibi
758 4328 858 4386 opera,
890 4324 917 4371 et
935 4317 993 4388 apri
1020 4332 1178 4371 aerumnosa
1208 4313 1275 4370 oulti
1293 4314 1379 4385 spica,
1399 4308 1449 4382 qui

562 4409 564 4420 ⁴
897 4408 904 4432 t
