3184 5100
329 372 404 458 aot
633 359 858 453 urournom
893 374 1127 449 oaueoalu

294 590 301 611 ι
329 550 441 629 λογίαν
474 545 612 633 οἷμόητος
646 546 700 613 καὶ
726 542 820 623 ον’τός
850 544 886 611 τό
906 542 1060 627 παράπαν
1081 542 1302 623 διατετέλεκεν,
1322 535 1344 624 ἢ
1366 564 1436 607 σο-

331 648 407 715 νιῶν
429 650 488 730 μὲν
515 651 615 717 ε’νίοτε
636 646 737 734 τόχης
759 643 956 731 όλαονοόσης
977 644 1082 728 τινός,
1102 642 1212 714 ἔπειτα
1233 653 1299 720 τοῖς
1321 636 1435 717 ἄλλοις

327 748 397 815 ἐκεῖ
412 748 594 835 σομπαρῶν
618 755 701 833 μέν,
725 750 786 833 οόχ
815 744 896 832 όρῶν
920 750 954 813 δὲ
973 746 1137 831 θεοτῆτων
1169 745 1324 811 οἷκτίστων
1344 747 1437 827 σμῆ-

327 872 381 925 νος
400 850 551 933 ἐπείρων,
572 848 744 936 πρόσχημα
779 846 838 933 τὴν
863 846 1019 914 σύστασιν
1048 847 1104 913 κατ’
1124 846 1186 929 οῶχ
1211 839 1345 933 ἑκουσίῳ
1367 847 1435 933 δρᾷ

224 1040 228 1048 ‚
329 952 454 1039 διανοίη
474 950 529 1015 καὶ
549 948 671 1038 γνῶμη,
695 949 750 1015 τόν
771 953 922 1033 προφανῆ
937 955 994 1031 τῆς
1011 947 1123 1024 κακίας
1148 944 1278 1029 ἔλεγχον
1299 943 1462 1019 δεδιῶς·5

327 1050 376 1123 διό
401 1055 456 1117 κατ’
478 1053 561 1137 δρῶν
580 1054 642 1137 οόχ
664 1052 725 1141 όρρῖ
748 1051 804 1117 καί
825 1047 952 1115 ῶκοόων
974 1051 1033 1113 σῶκ
1054 1045 1172 1113 α’κσόιι.
1194 1046 1270 1111 odoi
1291 1048 1356 1111 τῶν
1377 1052 1435 1110 λε-

325 1154 465 1233 γομένων
505 1149 585 1229 ὅλοις
619 1155 741 1234 ἐπαΐει,
779 1151 822 1227 ῶς
854 1149 1001 1234 γίνεσθαι
1039 1152 1143 1237 σαφὲς
1179 1151 1227 1213 ἐπ’
1260 1148 1364 1212 edred
1394 1145 1431 1212 τό

326 1252 494 1335 λεγόμενον
516 1252 596 1338 πρός
617 1259 671 1337 τῆς
692 1255 819 1339 γραφῆς
835 1248 938 1339 Ἥκοῇ
963 1252 1134 1317 ῶκοόσιται
1159 1256 1214 1317 κατ’
1232 1252 1270 1315 οὐ
1291 1248 1433 1333 σονὴσει,

202 1426 204 1433 ,
327 1353 383 1419 κατ’
402 1357 528 1437 βλέπων
550 1357 591 1419 ου’
611 1352 655 1439 μη
678 1352 745 1442 ἴδη·
792 1354 961 1437 ἐπαχύνθη
984 1352 1048 1437 γὰρ
1071 1349 1090 1437 ἦ
1112 1358 1229 1436 καρδιά
1250 1352 1412 1417 σῶτοῦ.”“

260 1468 315 1523 1⁸
410 1460 549 1523 Πολλῶν
571 1460 602 1524 δ’
617 1452 704 1538 ὅμως
726 1452 824 1521 ὄντων
845 1455 879 1521 οἳ
897 1452 935 1519 τό
950 1455 1072 1520 ἐκείνου
1088 1456 1240 1536 λαμπρῶς
1254 1455 1304 1522 ἐπ’
1320 1456 1434 1536 ι’κιιλη-
1443 1451 1476 1505 10

326 1561 399 1633 σιάς
411 1550 566 1636 ῶμνοόσιν
582 1555 717 1643 ἁπάσης,
742 1555 855 1623 όπόσαι
869 1555 926 1639 γῆν
942 1579 974 1621 τε
995 1557 1052 1619 κατ’
1061 1552 1230 1625 θάλασσαν
1254 1556 1432 1637 διαλαχοῶ·

326 1683 383 1725 σαι
406 1654 441 1723 τό
464 1656 592 1741 εὐσεβὲς
614 1661 796 1745 ἐφαπλοῶσι
818 1657 984 1742 κηρυγμα,
1011 1660 1136 1742 καίριον
1167 1652 1248 1721 εἶναι
1270 1659 1360 1719 δοκεῖ
1375 1678 1434 1735 μοι

326 1761 382 1825 νόν
402 1760 622 1847 α’πολεξαμένῳ
644 1760 724 1843 πρὸς
743 1760 842 1840 μέσον
855 1756 911 1821 ἕνα
921 1782 983 1822 που
998 1760 1054 1821 καί
1072 1756 1131 1821 δόσ
1147 1765 1353 1841 παραγαγεῖν,
1376 1757 1434 1827 καὶ

327 1862 431 1939 δεῖξαι
454 1845 574 1925 τουτωῒ
592 1861 715 1945 τάνδρί,
739 1864 793 1925 καί
813 1856 933 1933 οἵτινες
948 1851 1010 1923 εἶεν
1020 1856 1055 1923 τό
1071 1856 1197 1940 η’λίθιον
1215 1859 1301 1946 αὐτῷ
1321 1882 1435 1938 παρα-

326 1960 467 2045 πλήσιοι,
492 1965 524 2039 ἐξ
547 1961 671 2043 ι’νόχων
694 1959 746 2027 τόν
769 1965 880 2025 λέοντα
908 1961 968 2023 κῶκ
999 1967 1057 2023 τοῦ
1078 1963 1260 2041 κρασπέδου
1283 1956 1318 2023 τό
1341 1954 1435 2044 δφα-
1444 1964 1479 2017 15

326 2088 402 2149 σμα,
425 2060 480 2138 τὰς
500 2064 558 2125 τοῦ
579 2065 788 2145 προκειμένου
806 2062 888 2142 λέγω
905 2057 1070 2143 μάρτυρος
1097 2056 1265 2142 ιὶθλησεις,
1297 2054 1374 2135 ὅσας
1396 2083 1434 2124 τε

325 2165 381 2227 καί
400 2166 467 2241 οἵας
490 2164 569 2245 όπὲρ
595 2160 703 2249 φόσιν,
724 2158 758 2227 ἒν
772 2154 857 2244 όροις
869 2164 973 2242 με’νων
996 2163 1053 2243 τῆς
1075 2158 1215 2247 φόσεοος,
1239 2163 1434 2245 ἐκαρτέρησε
1464 2198 1468 2205 -

326 2260 460 2347 πάσχων
480 2267 615 2345 ἐκεῖνος,
647 2268 703 2329 κατ’
724 2262 803 2348 πρός
822 2286 858 2345 γε
890 2261 925 2325 τό
956 2264 1092 2345 μέγεθος
1122 2264 1179 2345 τῆς
1212 2265 1331 2349 σοφιάς
1353 2265 1432 2342 μεθ’

327 2356 364 2447 ἦς
387 2366 555 2447 α’ντιλὲγαν
579 2362 635 2439 τός
655 2365 716 2429 τῶν
738 2364 954 2446 εἰκονομόχοιν
982 2364 1144 2441 ἐνστάσεις
1176 2360 1318 2449 ἀράχνης
1342 2366 1435 2448 δι’κην

327 2468 441 2529 διέλυε.
486 2467 541 2529 καί
571 2467 695 2547 πρῶτος
715 2466 781 2544 ’μὲν
807 2464 824 2531 ό
851 2469 956 2541 πόσας
990 2464 1104 2548 σχεδόν
1131 2466 1189 2541 τῶς
1218 2471 1279 2531 τῶν
1309 2464 1474 2548 ἑξόχιον20

190 2583 210 2640 l.
224 2582 311 2639 1581.
327 2567 424 2650 ἁγίων
446 2565 574 2652 μνήμας
608 2569 650 2631 δι’
681 2572 795 2644 αι’ῶνος
828 2568 939 2642 οἷκοαῖς
959 2568 1099 2650 εὐσεβῶν
1121 2559 1354 2650 παραπέμψας,
1374 2568 1434 2632 κατ’

326 2671 432 2734 πᾶσαν
456 2664 631 2756 πανήγυριν
653 2676 717 2746 τοῖς
741 2669 866 2744 οἰκείοις
888 2665 993 2751 λόγοις
1014 2667 1177 2754 κοσμήσας
1198 2690 1233 2732 τε
1257 2671 1312 2734 κατ’
1331 2693 1433 2734 πνεν-

243 2975 247 2988 ’
327 3011 383 3050 nen
401 2992 499 3046 leeieee
518 2993 638 3058 omnino,
656 2999 703 3046 eut
722 3009 781 3046 eum
807 2993 971 3048 convenisse
995 2993 1103 3064 quidem
1126 2992 1191 3048 illoe
1215 2993 1360 3062 aliquando
1380 2996 1431 3050 red

329 3066 441 3120 fortuito
463 3072 489 3116 et
507 3065 578 3117 inter
598 3079 645 3117 eor
666 3073 858 3118 commoratum
886 3082 947 3118 eene
977 3066 1015 3118 ite
1041 3073 1072 3117 ut
1097 3066 1226 3118 deitatum
1249 3067 1430 3120 iuereaterum

329 3139 432 3192 turbam
459 3151 513 3188 uou
538 3144 699 3206 agnosceret
727 3145 754 3188 et
777 3138 934 3190 societatem
960 3153 1015 3190 non
1040 3145 1243 3206 eportemente
1261 3155 1310 3191 eua
1330 3155 1362 3190 ae
1381 3156 1430 3192 ra..

329 3211 403 3263 tione
428 3209 538 3260 fecisset
564 3210 611 3261 sed
632 3217 753 3260 metuens
781 3225 816 3262 ue
836 3208 923 3276 palam
950 3209 1119 3262 coutumeliis
1144 3210 1307 3262 alliceretur.
1344 3212 1430 3280 igitur

330 3279 488 3352 quioculos
508 3279 686 3332 habuitnihil
706 3281 782 3345 vidit,
803 3282 848 3348 qui
869 3297 947 3332 auree
972 3279 1041 3332 nihil
1066 3281 1168 3333 audivit
1186 3297 1275 3350 neque
1296 3283 1430 3335 dictorum

329 3355 471 3424 quidquam
489 3351 634 3415 intellexit,
654 3353 691 3404 ita
711 3359 741 3402 ut
760 3351 870 3403 valeant
888 3353 916 3402 in
934 3353 1019 3419 ipsum
1037 3353 1120 3406 verba
1132 3361 1241 3405 sanctae
1258 3355 1429 3421 scripturiret

328 3426 451 3492 ‘auribue
465 3423 556 3474 audiet
574 3423 695 3491 quidem,
722 3424 769 3475 sed
786 3423 855 3474 nihil
875 3425 1029 3492 concipiet,
1056 3441 1145 3494 neque
1177 3424 1264 3476 oeulie
1285 3427 1430 3495 quidquam

328 3497 446 3560 videbit3
465 3509 525 3546 nam
545 3509 592 3546 eor
611 3495 734 3562 perdrum
754 3495 854 3548 habet.'

429 3583 482 3638 Sed
500 3598 580 3651 quum
598 3583 674 3634 multi
701 3584 756 3636 sint
774 3585 820 3652 qui
847 3585 959 3654 egregie
987 3585 1020 3637 de
1047 3584 1097 3636 illo
1123 3585 1190 3638 haee
1215 3585 1356 3638 eelebrent
1379 3602 1430 3654 per

329 3656 472 3710 ecclesiam
489 3662 570 3706 totam
590 3662 720 3724 quotquot
739 3670 787 3721 per
807 3671 880 3708 mere
897 3673 930 3710 ee
947 3664 1042 3708 terrum
1063 3658 1170 3724 pietatis
1190 3658 1364 3724 praeconium
1384 3659 1430 3710 la.

330 3729 413 3794 eilrat,
435 3734 524 3794 aptum
543 3725 608 3776 mihi
628 3728 735 3778 videtur
754 3727 860 3794 eligere
879 3737 906 3780 et
925 3729 953 3780 in
971 3729 1086 3782 medium
1104 3745 1184 3782 unum
1205 3729 1250 3780 vel
1276 3731 1343 3781 duee
1360 3746 1429 3797 pro.

329 3815 430 3853 vocare
452 3806 479 3850 et
496 3795 559 3850 huie
581 3797 640 3850 viro
661 3806 688 3850 et
707 3799 807 3852 ceteris
824 3799 848 3850 ei
867 3801 913 3868 qui
932 3800 1003 3852 forte
1020 3801 1260 3861 temeritatie,eiue
1276 3801 1345 3854 eoeii
1363 3803 1428 3866 aiut,

331 3867 515 3938 exanguibus
535 3870 678 3921 ostendere
698 3869 806 3922 leonem
827 3878 854 3921 et
883 3888 898 3934 e
920 3871 1040 3939 margine
1059 3880 1169 3924 textum.
1213 3874 1274 3924 dieo
1302 3877 1430 3940 martyris

330 3943 364 3994 de
383 3955 435 4010 quo
455 3941 568 3992 diximus
586 3940 747 3994 luctationee
769 3949 834 4010 quot
854 3951 881 3993 et
898 3942 993 4010 qualee
1011 3943 1060 3995 ille
1079 3944 1230 4010 pertulerit,
1249 3960 1315 4012 quae
1333 3959 1431 4012 quem-

329 4014 372 4065 vie
391 4026 471 4079 eupra
488 4013 561 4064 viree
582 4011 708 4064 humanae
728 4022 824 4065 essent·
844 4022 933 4066 tamen
960 4023 1053 4066 nature
1078 4031 1127 4066 rua
1150 4017 1303 4082 superavit,
1329 4017 1430 4084 quibua

227 4145 232 4156 Ι
332 4085 410 4136 etiam
430 4083 526 4134 fortior
545 4083 629 4134 factm
650 4092 700 4136 eet.
747 4084 800 4136 hue
823 4087 928 4137 aceedit
952 4087 1106 4154 magnitudo
1130 4087 1188 4138 eiua
1207 4088 1358 4154 sapientiae
1377 4104 1432 4157 que

230 4161 236 4170 '
330 4155 497 4225 impugnavit
517 4162 543 4206 et
561 4155 795 4222 iconomachorum
815 4157 957 4222 opiniones
976 4173 1090 4208 araneae
1109 4157 1192 4210 inetur
1210 4158 1345 4212 dissolvit.
1384 4160 1431 4228 qui

332 4229 411 4280 etiam
431 4227 531 4296 primus
547 4241 651 4276 omnem
673 4225 730 4278 lere
748 4227 867 4280 virorum
880 4235 1033 4281 sanctorum
1051 4230 1204 4281 memoriam
1223 4231 1251 4282 in
1269 4240 1431 4299 perpetuum

330 4299 449 4354 lidelium
468 4298 576 4352 auribus
601 4297 754 4351 reservavit
782 4307 809 4352 et
832 4315 957 4352 eoronam
977 4299 1045 4352 haue
1072 4294 1128 4354 euie'
1153 4302 1237 4369 ineius
1261 4304 1431 4357 sermonibus
