3184 5100
251 441 474 517 msronms
498 434 759 506 armannus
776 434 927 501 marr.
946 412 1134 499 tt-55.
1193 413 1267 495 oab

165 612 301 738 χφρίοις
344 608 457 674 κόλποι
490 602 583 667 δυσίν
613 596 767 681 όνόμασιν
804 594 975 719 διαφόροις
1007 592 1052 668 εἷς
1081 589 1268 657 εόσόνοπτον

168 714 294 779 σόνεσιν
316 717 381 787 τοϊς
402 706 571 773 ἀκούουσιν
595 700 813 783 ὀνομάζονται,
846 693 866 761 6
893 695 952 779 μὲν
977 687 1212 769 Αασκόλιος,ἰ
1195 717 1211 755 ο
1237 692 1266 754 δ’

165 810 369 895 Αστακηνός.
420 834 456 872 το
446 802 518 889 δὴ
540 804 681 867 τοιοῦτον
703 799 801 884 μέρος
822 799 877 881 τῆς
897 797 1059 871 Βιθυνίας
1081 796 1127 868 είς
1149 794 1332 874 κλῆρονιι
1364 819 1368 823 >

169 914 250 999 πρὸς
276 913 332 975 τοῦ
367 904 487 995 πατρός
505 904 656 991 Ὑρκανοῦ
688 894 841 982 lullabv‘
822 924 840 962 ο
871 895 952 981 μετίι
981 892 1035 960 τόν
1055 894 1268 981 πρεσβυτερον

141 1018 246 1083 5καθ’
268 1010 395 1096 ἡλικίαν
423 1011 527 1094 τρίτος
560 1006 622 1068 τῶν
654 1003 780 1067 παίδων
810 1001 866 1063 νῦν
886 999 946 1082 μὲν
967 998 1135 1080 θαλάσσης
1155 993 1267 1079 τιόρρω
1307 1036 1312 1048 ·

170 1137 233 1179 που
255 1110 313 1187 τάς
346 1106 554 1195 διατριβάς
539 1112 673 1170 εποιεῖτο
705 1104 767 1166 νῦν
792 1103 820 1164 δ’
851 1098 1011 1186 ἐγγυτέρω
1032 1122 1091 1162 κατ
1091 1094 1270 1174 ’ἑξουσιλιν

172 1213 356 1338 αότόνομον.
379 1210 436 1285 τάς
459 1209 534 1293 γοῦν
558 1202 727 1333 θερινάς
712 1202 834 1278 εκείνας
854 1203 911 1266 τοῦ
933 1199 1026 1285 ἡλίου
1047 1199 1168 1289 φλόγας
1189 1196 1269 1260 ἀπο·

173 1314 333 1396 σειόμενος
353 1310 542 1395 τηνικαῦτα,
571 1306 650 1388 μίαν
671 1328 733 1370 των
755 1306 823 1368 ἐκεῖ
838 1327 900 1367 που
933 1326 1008 1389 περι
1002 1298 1142 1366 δίκτυά
1161 1319 1194 1363 τε
1216 1297 1272 1360 καί

171 1413 295 1497 ι’χθόων
320 1408 421 1534 ἀγραν
443 1406 689 1489 ἀσχολουμένων
711 1403 852 1469 ἀλιάδων
882 1402 1179 1529 προσκριλεσάμενος
1191 1448 1200 1477 ,
1223 1397 1268 1460 εἰ-

125 1529 161 1582 10
172 1540 244 1602 σηει
262 1534 295 1580 τε
317 1537 370 1577 και
365 1510 499 1595 ἠρέμα
528 1510 685 1593 παρέπλει
706 1506 741 1572 τό
764 1506 962 1592 ἀκρωτήριον
984 1506 1017 1568 ἐκ
1046 1500 1205 1585 θαλάττης
1227 1522 1271 1574 εις

172 1617 344 1691 θάλατταν,
366 1611 603 1695 ολαςδηποτοῦν
620 1608 845 1689 ἀναψύξεως
829 1631 930 1672 ενεκα.
954 1604 1089 1685 ἔτυχεδ’
1112 1604 1146 1667 ἓν
1164 1598 1271 1685 ταάτῶ

175 1720 265 1801 παρά
284 1714 341 1791 τὰς
361 1714 429 1777 ἐκεῖ
446 1736 508 1775 που
534 1717 725 1807 συνηρεφεῖς
747 1708 803 1790 καί
831 1706 1022 1780 κατασκίους
1040 1712 1106 1778 τοῖς
1129 1703 1270 1786 δένδροις

175 1813 271 1891 ἀκτάς
294 1816 459 1895 ἓλλοχωσα
481 1812 648 1897 πειρατικῆ
669 1836 716 1887 τις
743 1808 893 1934 μονήρης,
915 1808 1052 1871 sammaa
1072 1809 1139 1867 aaa>
1166 1798 1269 1867 ἄλλοτ’

174 1912 291 1990 ἀλλους
311 1914 429 1989 τόπους
458 1936 513 1997 της
534 1913 735 1996 βαρβαρικης
767 1909 886 1991 ἐκείνης
906 1906 1067 1991 παραλιόυ
1086 1905 1143 1969 καί
1158 1901 1270 1971 Ἀσια-

126 2016 257 2091 15τιδος
278 2017 334 2099 γῆς
363 2017 454 2079 τοῦτο
482 2020 599 2088 ποιεῖν,
633 2011 692 2074 κάκ
712 2012 775 2075 τῶν
802 2009 924 2072 ἐκεῖθεν
943 2005 1099 2093 λαφύρων
1122 2000 1273 2090 Περσικὰ

172 2118 350 2201 κερδαίνειν
372 2117 404 2192 ἔξ
429 2114 557 2198 ἀδήλων
576 2111 738 2197 χρήματα,
761 2110 820 2187 κάξ
842 2107 1036 2195 άλλοφόλων
1060 2105 1272 2188 αἰχμαλώτων

174 2218 261 2281 ἰδίαν
282 2216 475 2301 πορίζεσθαι
490 2215 564 2297 βίου
588 2212 774 2341 διρὶρκειαν.
785 2208 865 2294 αὕτη
886 2214 993 2274 τοίνυν
1014 2210 1164 2293 ἐξαίφνης
1185 2208 1270 2270 ἒπει-
1282 2224 1337 2277 η

176 2319 339 2381 σπεσοῦσα
365 2341 401 2401 τη
429 2313 584 2379 άλιάδι
570 2315 684 2437 εκείνην
693 2312 774 2377 κατά
795 2334 865 2381 τινα
887 2310 984 2436 τύχην
1018 2308 1169 2393 ἀδόκητον
1190 2301 1272 2371 ecoe·
1335 2376 1337 2380 ,

174 2416 297 2501 πηδηοέ
318 2439 352 2480 τε
371 2416 426 2480 καί
449 2408 545 2493 εἷλεν,
577 2414 632 2479 οόκ
663 2410 737 2479 ἄνευ
758 2414 818 2495 μὲν
839 2412 1048 2500 τραυμάτων,
1075 2402 1188 2473 εἷλεδ’
1209 2402 1273 2472 oris.

128 2533 165 2590 20
175 2542 228 2582 και
253 2517 377 2604 γέγονεν
400 2516 481 2604 αὐτῇ
502 2516 537 2583 τό
558 2514 639 2582 κατὰ
659 2542 696 2582 τι
689 2515 757 2601 γην
781 2514 966 2580 ἀνέλπιστον
987 2513 1145 2599 πάρεργον
1163 2514 1302 2595 μείζονί.
1313 2495 1401 2581 tito.

174 2619 270 2704 ἐργου
294 2616 410 2694 παντός
431 2619 487 2682 καί
508 2619 689 2694 πολυετους.
720 2616 769 2682 διό
792 2617 847 2681 καί
867 2618 1022 2698 μαθοῦσα
1041 2614 1076 2679 τό
1099 2617 1152 2698 τῆς
1175 2609 1275 2699 ἀγρας
1333 2696 1337 2701 .
1380 2699 1385 2704 ι

176 2719 348 2803 πολότιμον
371 2711 469 2805 ᾤχετο
482 2721 684 2805 παραχρῆμα
706 2715 798 2804 παρά
818 2714 873 2800 τη“ν
894 2717 1048 2782 Φώκαιαν
1069 2714 1178 2779 οἴκαδε
1201 2715 1274 2778 ἀπι-

177 2823 266 2898 οῦσα,
292 2819 384 2884 πόλιν
404 2817 571 2904 Ἑλληνίδα
594 2820 653 2902 μὲν
673 2818 708 2886 τὸ
732 2817 878 2904 ἀρχαῖον,
899 2820 956 2882 νῦν
970 2817 1004 2880 δὲ
1025 2816 1204 2901 βαρβάροις
1225 2816 1274 2877 δι-

178 2922 297 2984 δοῦσαν
316 2919 438 3012 φόρους
458 2917 539 3006 δπὲρ
566 2917 690 3005 ἀφόδου
705 2917 770 2984 ’καί
793 2917 959 2981 ἀκινδόνου
979 2915 1054 2999 βίου
1074 2913 1168 2992 τινός.
1210 2920 1275 2977 κεῖ-
1366 2910 1369 2922 ’

177 3225 214 3276 cit
233 3221 319 3276 ethis
341 3221 453 3272 eundem
474 3220 507 3271 ab
526 3227 637 3289 utraque
664 3229 740 3288 parte
758 3221 868 3289 praebat
886 3237 980 3286 usam,
1000 3227 1187 3288 opportunum.
1225 3221 1270 3290 qui

142 3289 149 3307 ⁸
177 3297 251 3347 sinus
271 3293 304 3346 ab
324 3292 424 3344 accolis
451 3292 552 3344 duobus
577 3293 727 3344 nominibus
753 3303 939 3360 nuncupantur
966 3295 999 3344 iis
1018 3294 1063 3360 qai
1082 3293 1191 3344 audiant
1209 3295 1272 3344 satis

177 3365 337 3434 perspicuis.
375 3361 444 3414 aiter
464 3365 533 3414 enim
553 3364 693 3415 Darcelius
712 3365 1113 3418 alterAstacclrasnomiuatur.
1150 3364 1272 3431 pertine.

177 3437 241 3488 baut
260 3444 346 3488 autem
365 3436 397 3486 ad
425 3449 480 3486 eam
500 3435 643 3501 Bithyniae
664 3443 764 3503 partem
787 3452 863 3505 qaam
882 3452 898 3487 a
917 3445 991 3503 patre
1012 3435 1135 3502 llyrcaao
1155 3449 1272 3502 accepe-

177 3515 219 3559 rat
238 3507 308 3560 illius
329 3513 390 3574 post
409 3514 471 3557 natu
486 3510 611 3558 maiorem
642 3519 690 3573 pro
716 3515 804 3559 aetate
823 3509 934 3572 tertias,
954 3508 999 3576 qai
1018 3522 1089 3558 uuac
1113 3506 1221 3572 longius
1238 3505 1272 3558 ab

178 3579 240 3632 lacu
260 3577 309 3628 illo
329 3577 491 3630 domicilium
512 3577 634 3641 locabat,
659 3593 730 3629 nunc
754 3580 781 3630 in
806 3579 956 3646 propinque
981 3593 1029 3645 pro
1057 3577 1196 3629 voluntate
1215 3593 1271 3628 sua.

179 3651 224 3718 qui
244 3664 322 3716 quam
343 3648 379 3698 ibi
394 3650 426 3700 ad
446 3648 550 3700 calores
569 3651 686 3700 aestivos
705 3649 881 3716 depellendos
899 3658 1047 3700 moraretur
1063 3664 1144 3699 unam
1164 3665 1196 3699 ex
1215 3664 1273 3700 ma-

178 3719 339 3773 riuatoribas
358 3721 490 3786 quiretis
512 3729 539 3771 et
555 3721 694 3786 piscariam
714 3721 847 3772 iaciebant
871 3721 903 3771 ad
922 3712 952 3772 sc
971 3722 1080 3772 vocavit
1098 3728 1125 3771 ot
1144 3735 1201 3770 cam
1222 3719 1273 3771 λιοο

177 3805 273 3842 navem
295 3791 406 3841 intravit
425 3799 451 3842 et
469 3790 578 3841 silentio
595 3799 703 3858 praeter·
720 3793 928 3858 promontorium
957 3800 1051 3843 rectus
1073 3799 1114 3843 est
1134 3806 1169 3842 ex
1185 3791 1272 3843 altero

179 3862 286 3916 sinain
308 3860 430 3926 alterum,
451 3861 557 3912 scilicet
574 3863 750 3915 recreationis
770 3878 859 3913 causa.
898 3863 935 3914 ibi
954 3871 1041 3914 autem
1062 3863 1131 3912 iorte
1151 3876 1183 3913 eo
1202 3869 1273 3913 tem.

179 3947 245 4000 pore
263 3931 297 3982 ad
315 3933 398 3998 ripam
417 3932 555 3983 arboribus
576 3941 672 3984 tectam
693 3941 719 3984 et
733 3933 855 3997 obsitam,
873 3934 901 3984 iu
920 3935 1025 3985 insidiis
1042 3931 1143 3984 latebat
1161 3933 1272 3999 piratica

179 4003 316 4066 acriminis,
339 4017 407 4070 quae
427 4003 478 4054 huc
505 4002 571 4055 illuc
591 4012 697 4071 praeter
720 4006 862 4072 regionem
881 4005 1051 4056 barbarorum
1069 4004 1223 4056 maritimam
1245 4012 1272 4055 et

178 4083 274 4126 terram
295 4075 439 4125 Asiaticam
458 4073 521 4125 vehi
541 4075 664 4139 solebat,
693 4083 719 4126 et
745 4092 778 4127 ex
802 4076 900 4141 praeda
927 4083 1063 4144 quaestum
1089 4075 1178 4126 iacere
1203 4075 1272 4143 apati

178 4144 272 4197 Persas
294 4151 351 4194 eta
370 4146 521 4213 peregrinis
539 4148 653 4212 captivis
671 4147 757 4198 resad
776 4149 856 4198 vitam
868 4149 1034 4200 necessarias
1052 4146 1103 4198 sibi
1122 4148 1272 4214 acquirere.

178 4216 247 4268 baec
267 4216 349 4282 igitar
368 4225 480 4281 repente
500 4217 603 4267 irruens
617 4219 643 4268 in
663 4219 803 4283 piscatoris
822 4233 918 4269 navem
940 4219 1151 4285 exinproviso,
1170 4215 1274 4268 insiluit

179 4295 206 4340 et
239 4288 310 4354 cepit
342 4299 420 4338 eamt'
443 4287 523 4354 idque
547 4303 601 4339 nou
625 4289 684 4340 siue
709 4289 898 4341 vulneratione
924 4291 1028 4342 evenit:
1056 4292 1154 4357 praeda
1183 4293 1272 4359 auteur

176 4366 284 4430 praeter
308 4371 412 4410 omnem
436 4361 663 4427 exspectationem
693 4359 764 4414 iacta
779 4361 889 4417 maioris
907 4363 988 4430 prstii
1012 4369 1070 4414 erat
1089 4373 1166 4429 qaam
1186 4371 1271 4426 quss-
