3184 5100
337 367 414 455 ονε
644 378 869 455 ammom
902 318 1131 489 eamaa'sa

339 552 568 627 adstrueretis
590 549 688 624 δι’δως
711 546 788 633 ἡμῖν
809 548 962 633 θάτερον·
1019 542 1040 632 ἢ
1060 545 1123 633 γὰρ
1143 548 1256 632 μαίνῃ,
1278 538 1303 631 ἢ
1327 542 1467 625 πάντας

337 650 551 736 μαινομένους
581 643 664 715 εἶναι
690 651 812 737 λογίζῃ.
853 653 944 715 τοῦτο
966 650 995 713 δ’
1026 646 1084 730 οὐχ
1104 645 1196 731 ἡμῶν
1222 645 1309 711 ἀλλὰ
1332 651 1406 715 σοῦ
1429 670 1465 733 γε

337 750 374 817 τδ
396 752 510 829 πάθος,
533 750 682 836 καθάπερ
705 750 868 835 δήπουθεν
889 752 945 816 καί
970 752 998 815 εἷ
1018 748 1148 833 μεθῦων
1168 773 1215 825 τις
1237 748 1350 813 πάντα
1376 751 1462 826 τινα,

337 848 400 939 ὅτῳ
430 853 469 918 ἂν
496 850 682 941 συναντρδη,
705 855 838 918 διπλοῦν
863 851 934 918 τινὰ
963 852 1036 917 ἄνθ’
1067 845 1137 927 ἓνδς
1158 848 1239 936 δρῦν
1261 848 1403 928 ἐδόκει,
1427 851 1463 914 οῦ

337 955 401 1019 τοῦν
421 950 595 1039 δρωμένων
617 952 655 1018 δν
674 952 710 1019 τδ
730 957 787 1037 τῆς
818 953 940 1039 ἀπάτης
962 953 1068 1028 πάθος
1088 946 1146 1035 ἦν,
1170 949 1251 1015 ἄλλα
1274 956 1338 1016 τοῦ
1367 970 1479 1040 σφα-5

337 1056 438 1140 λεριῦς
457 1050 612 1140 δρῶντος·
668 1054 781 1129 πάντες
811 1052 873 1141 γοὶρ
904 1050 941 1119 ἰδν
972 1054 1153 1135 μοναδικῶς
1173 1048 1328 1137 ῦπῆρχον
1354 1054 1460 1138 οἷριθ-

302 1153 491 1239 Ομοδμενοι
517 1158 594 1219 καθ)
629 1156 762 1220 ἕκαστον
795 1158 920 1219 ἐκεῖνοι.
963 1154 1123 1241 προύθετο
1149 1152 1210 1235 μὲν
1237 1151 1304 1239 γὰρ
1340 1158 1458 1233 δεῖξαι

339 1253 443 1330 δτοῖς
465 1253 670 1341 ἀρχιερεῦσιν
692 1256 823 1333 ἐκείνοις
844 1255 899 1321 καί
919 1256 1160 1343 γραμματεῦσιν
1182 1251 1278 1333 αὐτὸς
1304 1258 1457 1341 ζητηθῆ-

336 1379 391 1421 ναι
413 1355 515 1443 φησί·
559 1356 641 1440 λέγω
665 1354 704 1441 δὴ
724 1354 798 1432 τοῦς
821 1354 931 1442 ῦγιόυς
952 1362 1150 1441 παραγαγεῖν
1172 1356 1217 1431 εἷς
1229 1355 1338 1437 μέσον
1366 1357 1406 1421 οἳ
1424 1355 1455 1421 sd

338 1456 438 1541 φανὲν
460 1454 515 1521 ἐπὶ
534 1457 591 1537 τῆς
611 1458 669 1519 τοῦ
682 1456 797 1539 κυριόο
817 1455 1100 1542 μεταμορφώσεως
1123 1457 1192 1540 φῶς
1215 1451 1375 1521 ῦκταττον
1399 1459 1484 1539 seduli

337 1549 424 1621 εἶναι’
443 1578 552 1642 φασιν,
576 1555 632 1619 οὐκ
654 1554 768 1623 οῦσιάν
789 1558 825 1622 δὲ
847 1560 949 1635 θεοῦ,
972 1556 1038 1621 ἀλλ’
1064 1556 1211 1623 duodenis
1231 1580 1267 1621 τε
1287 1558 1352 1623 καὶ
1379 1558 1455 1623 οἰνο-

336 1656 502 1723 πόστατον.
552 1649 616 1721 εἶθ
647 1654 755 1742 ὥσπερ
788 1640 1003 1740 ἐκλαθόμενος
1037 1654 1132 1733 αῦτδς
1160 1652 1298 1735 ἑαυτοῦ,
1330 1655 1371 1723 τδ
1398 1660 1455 1742 μὲν

337 1757 543 1842 ζητούμενον,
564 1759 621 1823 κατ’
642 1781 667 1845 ῳ
691 1759 792 1843 πολλή
805 1782 852 1834 τις
873 1758 1080 1844 περικέχυται
1103 1757 1378 1845 ἀμφισβήτησις,
1401 1758 1454 1823 κατ’

336 1857 412 1943 περὶ
432 1853 452 1923 δ
471 1861 527 1942 τῆς
540 1854 615 1942 ὅλης
634 1860 698 1923 τοῖν
711 1857 876 1943 δογμάτων
890 1858 1076 1942 συγχύσεως
1095 1855 1116 1942 ἦ
1132 1856 1300 1943 πρόφασις
1325 1858 1453 1943 ἕστηκε,

334 1960 426 2025 τοῦτο
445 1960 505 2041 μὲν
526 1958 716 2045 παρέδραμε
737 1962 831 2045 σιγῇ·
883 1960 959 2043 περὶ
981 1950 1020 2023 οῦ
1044 1962 1072 2025 δ’
1096 1950 1151 2023 οῦκ
1173 1953 1213 2043 ἦν
1235 1956 1497 2045 ἇμφισβήτη-λλλ

336 2084 387 2137 οις
411 2059 556 2144 ου’δεμία,
577 2060 634 2125 καὶ
656 2083 681 2147 ῳ
707 2060 775 2126 οὐδ’
799 2056 838 2126 ἂν
861 2060 955 2137 αὐτὸς
978 2058 996 2125 d
1018 2060 1123 2145 πάσης
1146 2060 1261 2136 κακιάς
1284 2060 1450 2146 γεννήτωρ
1496 2062 1497 2127 l

337 2160 486 2243 διάβολος
505 2163 689 2245 τολμήσειεν
712 2160 878 2239 ἀντειπεῖν,
892 2162 991 2248 τοδτρ
1015 2163 1050 2226 δὲ
1069 2162 1211 2245 κομίζειν
1232 2163 1341 2245 δῆθεν
1362 2162 1450 2227 ἐπεί-

297 2278 424 2346 ογεται
444 2260 636 2337 συστατικὰς
664 2263 868 2348 μαρτυρίας,
896 2262 949 2327 ἵνα
969 2288 1001 2326 τι
1035 2262 1137 2347 λέγειν
1159 2263 1234 2347 δδξῃ
1265 2263 1350 2329 τισί.
1405 2262 1449 2336 τίς
1496 2300 1497 2305 1

334 2362 397 2447 γάρ
419 2368 487 2430 ποτ’
520 2361 658 2446 εὐσεβοῦς
687 2361 875 2448 αἱρούμενος
904 2365 960 2447 ζῆν
987 2356 1056 2429 εἶπέ
1085 2386 1161 2429 ποτε
1181 2358 1203 2447 ἢ
1224 2362 1322 2448 λέγει,
1348 2362 1371 2447 ἢ
1396 2364 1448 2427 δυ’-

334 2470 415 2529 ναιτ’
439 2460 478 2529 ἄν
502 2470 569 2528 ποτ’
593 2466 704 2541 εἰπεῖν,
727 2462 771 2541 οῦς
792 2463 869 2549 ἔστη
883 2466 916 2529 ἐν
936 2463 1135 2549 ῦποστήματι
1155 2464 1211 2529 καί
1236 2462 1336 2554 οῦσίρι
1359 2468 1477 2542 &eniti

335 2564 482 2630 κοῖκείνου
505 2563 563 2648 τὴν
583 2566 681 2651 φύσιν
700 2561 722 2647 ἢ
744 2559 828 2630 εἶδεν
850 2564 871 2649 ἢ
893 2566 1099 2653 ἐξηγόρευσε,
1124 2565 1271 2649 βοώντων
1296 2565 1448 2632 ἁπάντων

337 2664 461 2730 οἷκοῦων
492 2667 586 2733 ταυτὶ
620 2661 666 2749 μὴ
702 2663 753 2733 ὅτι
781 2670 974 2758 προφητῶν,
1012 2667 1094 2732 ἀλλὰ
1124 2668 1179 2732 καί
1207 2658 1254 2744 οἷς
1283 2669 1446 2753 ἐγγυτέρω

337 2767 447 2854 πολλῷ
479 2767 686 2842 διδασκάλοις
716 2765 809 2851 ἡμῶν
836 2769 997 2854 γεγονέναι
1017 2767 1258 2852 συμπέπτωκεν.
1301 2767 1341 2834 αδ
1358 2769 1447 2833 sair²

337 3094 382 3140 ret
403 3086 508 3154 quidem
530 3094 670 3155 terrenas,
697 3091 806 3144 omnino
825 3103 880 3145 non
897 3097 1005 3146 terram.
1043 3093 1106 3163 quid
1125 3093 1192 3147 diets
1211 3088 1276 3146 alr?
1324 3106 1360 3145 ex
1378 3091 1446 3146 dus.

338 3156 387 3210 lius
407 3159 478 3209 enim
492 3157 607 3212 alterum
635 3163 805 3231 cogitandam
824 3165 902 3217 nobis
923 3165 1029 3218 dedisti.
1074 3166 1173 3218 etenim
1197 3173 1244 3217 aut
1263 3165 1368 3217 insanis
1390 3167 1448 3232 ipse

338 3235 385 3281 ant
402 3243 496 3282 omnes
514 3231 634 3284 insanire
661 3242 747 3301 petas.
791 3236 838 3287 hic
863 3244 950 3288 antem
975 3243 1084 3302 noster,
1115 3237 1162 3290 sed
1186 3245 1248 3289 tuus
1269 3235 1395 3288 adectns.
1426 3235 1447 3286 sl

312 3299 316 3308 '
340 3301 410 3352 enim
429 3301 520 3353 ebrius
536 3306 659 3370 quemvis
685 3305 791 3358 obviam
820 3315 925 3359 euntem
953 3307 1086 3375 duplicem
1116 3321 1165 3376 pro
1191 3321 1245 3359 uno
1273 3308 1370 3359 videre
1397 3306 1447 3358 sibl

338 3371 462 3436 videtur,
494 3387 551 3426 nun
577 3385 781 3444 conspecturum
813 3379 949 3430 hominum
977 3380 1076 3431 erroris
1095 3379 1206 3432 affectus
1226 3385 1287 3443 est,
1308 3379 1357 3430 aed
1375 3377 1446 3429 male

339 3445 544 3511 conspicientis.
581 3445 740 3516 singillatim
759 3451 828 3502 enim
848 3449 890 3502 illi
919 3451 952 3502 ad
975 3465 1189 3520 unumquemque
1208 3450 1342 3501 numerati
1360 3455 1445 3500 erant

337 3529 398 3567 nam
417 3515 557 3582 pselessas
581 3525 622 3568 est
634 3520 829 3585 demonstrare,
850 3523 878 3573 id
895 3521 965 3588 quod
984 3523 1166 3574 sacerdotibus
1185 3521 1242 3573 illis
1261 3535 1292 3572 ac
1309 3521 1445 3588 magistris
1497 3563 1498 3570 ,

338 3588 488 3655 quesitum
506 3603 569 3640 esse
587 3589 662 3641 dixit.
699 3591 780 3642 iubeo
801 3593 852 3643 iam
875 3599 981 3644 sanctos
1000 3595 1028 3644 in
1048 3593 1161 3646 medium
1188 3591 1315 3659 proferri,
1335 3591 1381 3660 qui
1402 3591 1445 3642 lu.
1497 3591 1498 3622 l

338 3673 397 3709 uem
416 3673 485 3727 quas
500 3661 527 3711 in
547 3660 647 3711 damini
665 3662 899 3731 transfiguratione
918 3665 1058 3732 apparuit,
1080 3665 1225 3716 increatam
1255 3677 1315 3715 ease
1335 3663 1444 3726 dicant3
1497 3703 1498 3706 ,

337 3743 393 3780 nan
418 3733 561 3783 essentiam
582 3732 645 3797 dei,
670 3734 718 3785 aad
746 3735 948 3787 inessentialem
973 3743 999 3787 et
1026 3735 1272 3799 insubstantialem
1289 3735 1363 3784 ‘iam
1378 3745 1443 3786 vero
1497 3741 1498 3826 ρ

293 3860 301 3872 Α
340 3801 416 3867 qnasi
435 3800 601 3854 obliviscens
632 3804 673 3855 sni
693 3807 878 3872 quaestionem
897 3806 988 3860 multis
1007 3807 1216 3860 dubitationibus
1235 3805 1397 3872 implicatam
1418 3811 1443 3856 et

339 3872 410 3921 amni
431 3872 582 3938 dogmatum
602 3875 762 3927 confusione
787 3878 966 3943 perturbatam
995 3878 1105 3931 silentio
1125 3877 1322 3946 praetermisit,
1342 3877 1375 3928 de
1394 3891 1444 3944 qna

336 3941 411 3992 nulla
431 3951 489 3994 erat
505 3943 636 3996 dula'tatio
656 3953 683 3998 et
708 3955 801 4000 eastra
821 3963 897 4016 qnam
913 3965 1002 4017 neque
1020 3951 1079 4018 ipse
1098 3951 1183 4002 omnis
1199 3948 1374 4017 malignitatis
1394 3963 1443 4014 pa-

337 4019 380 4062 ter
398 4013 521 4068 diabolus
540 4017 683 4084 quidquam
703 4033 842 4085 oppenere
861 4029 1023 4087 οοοοτοεατ,
1047 4023 1071 4072 ei
1093 4022 1190 4074 afferre
1209 4021 1298 4072 studet
1320 4019 1442 4070 testimo.

336 4083 442 4144 nis‚.ut
460 4085 552 4137 dicere
580 4087 683 4156 aliquid
708 4091 864 4158 quibusdam
890 4092 1023 4144 videatur.
1062 4094 1121 4161 quis
1146 4093 1215 4144 enim
1235 4091 1281 4158 qui
1300 4091 1441 4142 secundun

335 4153 413 4206 ddem
431 4156 526 4208 vivere
556 4173 586 4209 se
608 4160 768 4226 profitetur,
796 4163 863 4214 dixit
890 4179 1006 4230 unquam
1025 4171 1071 4215 aut
1089 4165 1178 4232 potnit
1196 4163 1306 4226 dicere,
1326 4169 1398 4213 stare
1416 4163 1441 4211 in

336 4224 484 4279 substantia
503 4235 531 4280 et
549 4232 667 4281 essentia
685 4232 729 4283 dei
755 4240 782 4283 et
801 4231 876 4284 illins
895 4241 1015 4286 naturam
1035 4243 1082 4286 aut
1106 4235 1208 4287 vidisse
1227 4241 1273 4286 aut
1293 4233 1440 4299 professum

336 4312 407 4365 esse,
425 4314 506 4369 qaum
523 4313 618 4353 erasas
634 4300 686 4354 liae
705 4303 797 4355 disere
817 4317 872 4356 nou
890 4307 969 4358 modo
987 4306 1151 4374 prophetas,
1168 4321 1263 4360 rerum
1280 4306 1359 4357 etlam
1378 4305 1437 4374 qui.
