3184 5100
310 379 381 454 τοο
615 335 841 450 urcsrnom
871 377 1102 446 euecoesa

307 555 412 631 ροῖται
444 545 563 630 δρόμον
594 547 650 622 τοῦ
678 545 814 628 χρόνου,
847 543 905 604 rori
936 542 1014 604 θεοό
1045 535 1088 620 μη
1120 541 1253 617 ταχεῖαν
1281 528 1411 613 ἐπάγειν

307 651 470 721 ἐθέλοντος
498 643 556 728 τὴν
578 647 746 729 ἐκδίκησιν,
768 642 838 706 άλλ’
860 643 974 714 έοῖντος
1003 635 1101 703 narrt*
1119 633 1153 701 τὸ
1177 633 1318 714 νόμισμα
1337 633 1413 694 δια-

306 749 544 825 κωδωνιζισθαι
574 744 701 832 τρόπιρ,
735 745 806 808 άλλ’
838 739 1102 824 ἀναλογιζόμενον
1129 738 1183 800 έπί
1213 733 1339 800 σαυτοό
1369 727 1410 794 τά

307 849 407 912 πάλαι
426 844 589 932 γενόμενα,
612 847 667 908 καί
688 845 848 929 θεοφιλῶς
868 836 1075 924 άνιχντόοντά
1088 863 1121 904 τε
1143 837 1198 900 κατ’
1218 833 1415 914 άναλεγόμτ-

307 970 359 1029 γον
380 949 507 1027 ἕκαστα,
529 947 636 1034 σαυτῷ
658 968 690 1010 τι
719 946 774 1008 καί
793 948 920 1016 πολλοῖς
948 936 1068 1025 ἑτέροις
1095 941 1243 1005 ένττάθεν
1263 935 1438 1016 μεγίστηνο

308 1050 461 1130 παρέχειν
484 1045 654 1131 ιόφέλτιαν.
697 1042 824 1119 άκοότις
845 1038 907 1127 γάρ
936 1043 993 1106 τοά
1014 1039 1155 1121 μεγάλου
1177 1039 1239 1102 τάν
1261 1030 1413 1100 τοιοότων

308 1150 406 1213 ιὀτοόν
424 1143 687 1230 χρυσορρημονος
720 1149 861 1228 λέγοντος
891 1136 934 1217 οός
954 1144 988 1206 έν
1011 1142 1189 1224 προοιμίοις
1210 1137 1267 1202 τοῦ
1288 1131 1412 1218 νηρόγ-

307 1268 404 1328 ματος
419 1249 579 1331 Στέφανος
602 1242 618 1308 ό
645 1243 725 1329 ὑπὲρ
748 1241 822 1318 τοὺς
842 1240 1005 1323 ποταμοός
1026 1239 1107 1324 ῥέων
1124 1237 1178 1302 κατ’
1196 1234 1316 1310 πάντας
1340 1237 1413 1298 έπι-

310 1349 487 1428 στομιζων,
522 1346 597 1410 ου’δὲ
627 1343 727 1410 πολόν
763 1340 899 1427 ποιήσας
929 1339 963 1408 έν
995 1343 1037 1429 τῷ
1074 1336 1252 1425 κηρύγματι
1283 1335 1414 1420 χρόνον,

311 1446 431 1529 άδρόον
454 1445 579 1530 ἡρπάγη
600 1449 654 1510 καί
675 1444 718 1522 οός
735 1441 927 1531 βλάσφημος
949 1438 1171 1520 κατεδικάζετό
1187 1463 1220 1506 τι
1243 1441 1300 1502 κατ’
1319 1459 1415 1500 κατε·
1426 1452 1462 1506 10

311 1546 427 1614 λάετο·
475 1551 531 1612 καί
549 1544 696 1630 Ἰάκωβος
723 1547 751 1611 δ’
783 1549 826 1630 έν,
848 1546 935 1633 α’ρχῇ
968 1549 1023 1608 καί
1047 1543 1144 1618 οότός
1176 1543 1209 1618 έξ
1238 1541 1338 1622 οιάτῆς
1372 1536 1418 1614 τός

313 1645 412 1714 εἰπεῖν
435 1651 490 1732 τῆς
507 1649 655 1730 βαλβῖδος
671 1643 858 1732 άνεσπάσθη
880 1650 934 1710 κατ’
954 1643 1150 1728 άποτμηδοίς
1168 1643 1214 1718 τός
1233 1637 1331 1723 χάριν
1354 1640 1417 1702 τῶν

312 1749 477 1816 Ἰουδαίων
500 1747 556 1832 ὑφ’
573 1746 720 1833 Ἡράόου
743 1745 795 1814 τόν
819 1749 889 1829 βίον
911 1750 1065 1812 κατέλυσε
1084 1747 1201 1816 στόλος
1229 1739 1284 1806 ιιαιΙ
1302 1736 1418 1822 έδραό-
1496 1788 1500 1793 -

277 1862 386 1930 θωμα
408 1851 592 1934 τηλικοῦτον
622 1850 678 1932 τῆς
708 1848 873 1932 άληθειάς.
912 1846 957 1930 μη
989 1837 1049 1910 σόν
1071 1838 1245 1929 θαυμάσῃς
1265 1841 1296 1905 εἰ
1316 1837 1361 1924 μὴ
1383 1841 1419 1903 έκ

311 1953 484 2034 προοιμίων
515 1951 592 2033 μηδ’
618 1948 740 2024 οόθέως
771 1946 943 2014 έτδικεϊτοιι
961 1944 1053 2031 ’παρά
1076 1947 1154 2009 θεοῦ
1175 1941 1216 2006 τά
1238 1941 1465 2016 λυποῦντωηῑ,
1513 1984 1514 1995 ι

313 2048 386 2128 έθος
413 2049 474 2134 γάρ
504 2051 593 2139 σι’τηλ
613 2048 657 2134 μη
691 2053 723 2116 έν
758 2050 844 2137 ἀρχῇ
865 2046 904 2113 τά
927 2047 1015 2113 δεινά
1038 2046 1142 2128 λάειν,
1165 2043 1234 2108 άλλ’
1257 2036 1332 2106 όταν
1354 2043 1420 2105 σό-

314 2152 396 2234 ξηθῇ
417 2151 472 2214 κατ’
492 2149 578 2234 παρά
613 2154 675 2215 τάν
697 2149 1082 2234 πλειόνωνιάπογνωσθῇ.
1127 2142 1254 2218 άκοόεις
1275 2143 1303 2205 δ’
1327 2137 1415 2218 όπως

314 2252 368 2314 κατ’
390 2249 406 2313 ό
427 2244 597 2334 μὲνἎβελ
626 2255 747 2328 δι’καιος
767 2247 813 2314 άόν
834 2249 996 2336 τ’φονοόδη
1017 2246 1114 2342 τοχό,
1147 2239 1163 2308 ό
1189 2247 1224 2309 δὲ
1249 2243 1337 2309 Inita
1359 2240 1417 2330 ἔζη
1513 2270 1514 2345 η

181 2346 444 2435 Μόθωμακρόν,
480 2351 518 2416 ἵν’
548 2355 713 2436 ἐλέγχηται
738 2354 832 2415 πλέον
865 2349 1022 2434 ἧτοότου
1043 2348 1158 2413 κακιά·
1212 2347 1269 2414 κατ’
1290 2339 1334 2411 αό
1356 2342 1420 2408 ‘¹0‘

200 2445 202 2448 ⁵
312 2453 372 2533 μέν
392 2450 573 2536 πρόδρομος
598 2453 741 2536 Ἰωάννης
762 2452 820 2535 την
842 2449 983 2538 κεφαλὴν
1006 2451 1180 2540 άφηρεῖτο,
1210 2450 1226 2516 ό
1250 2453 1282 2515 δ’
1300 2443 1467 2518 derideto

310 2552 458 2639 Ἡριόδης
476 2553 531 2638 έζη
551 2556 779 2635 ταμιευόμενος
800 2555 845 2630 εἰς
865 2549 976 2638 καιρόν
997 2549 1200 2638 ἐκδικήσεως,
1221 2555 1275 2620 ἵνα
1292 2544 1415 2634 δηλαδὴ

315 2654 579 2741 σκωληκόβρωτος
600 2656 742 2719 ἐνταῦθα
753 2657 920 2739 γενόμενος
933 2658 988 2721 καί
1008 2648 1177 2738 άποψάξιτς
1198 2656 1317 2739 πικράς
1338 2647 1418 2731 πρός

386 2807 412 2861 7.
435 2809 465 2865 ἐκ
481 2813 531 2864 τοῦ
551 2803 623 2863 κατά
639 2809 785 2869 Ἰουδαίων
802 2809 829 2865 θ’
848 2810 942 2884 λόγου.
1034 2809 1076 2862 16.
1098 2810 1129 2866 ἐκ
1146 2808 1204 2866 τιόν
1221 2800 1296 2879 πρότ
1311 2804 1419 2879 Ὀλυμ-

388 2879 480 2937 noddo
500 2884 664 2939 ἐπιστολῶν.
1512 2879 1513 2944 1

317 3024 482 3084 temnuntur,
502 3019 663 3087 produntur,
682 3021 836 3086 irridentur,
855 3019 917 3073 aliis
935 3019 1027 3072 multis
1045 3019 1176 3072 molestiis
1195 3024 1333 3087 urgentur.
1354 3014 1421 3068 deus

320 3090 390 3141 enirn
409 3104 463 3141 nou
485 3090 592 3145 festinat
611 3093 747 3159 iudicium,
761 3094 808 3145 sed
816 3109 947 3161 quemque
961 3093 1074 3145 studium
1092 3107 1167 3143 suurn
1186 3090 1245 3142 uult
1265 3091 1421 3141 decurrere.

317 3168 347 3212 tu
372 3176 439 3213 vero
460 3178 527 3230 quae
549 3179 564 3215 a
584 3164 729 3215 maioribus
759 3164 837 3216 nobis
857 3166 952 3215 tradita
972 3166 1027 3216 sint
1045 3163 1127 3216 uelim
1146 3162 1312 3214 consideres.
1350 3160 1422 3211 unde

316 3232 339 3283 si
364 3233 409 3301 pio
436 3236 523 3285 animo
549 3236 757 3303 investigaveris
782 3234 888 3302 singula
919 3251 1040 3303 quaeque
1072 3244 1098 3286 et
1122 3243 1209 3286 tecum
1242 3232 1423 3300 reputaveris,

318 3310 344 3353 et
370 3304 418 3355 siti
445 3313 472 3357 ct
499 3304 560 3356 aliis
584 3305 674 3357 multis
697 3307 798 3373 optime
820 3307 922 3357 fructus
943 3306 1135 3358 redundabunt.
1182 3305 1257 3356 audis
1287 3305 1356 3355 enim
1389 3317 1423 3353 ex

316 3390 412 3444 magno
431 3374 480 3427 illo
502 3375 709 3441 chrysostomo,
730 3376 761 3427 ab
782 3378 867 3429 initiis
888 3377 1023 3446 evangelii
1043 3378 1224 3444 Stephanum,
1245 3376 1329 3427 amnis
1347 3389 1424 3426 more

317 3444 443 3498 fluentem
476 3454 502 3497 ct
532 3461 624 3499 omnes
653 3448 735 3499 silere
765 3457 923 3517 cogentem,
955 3458 1017 3516 post
1041 3449 1124 3501 breve
1155 3456 1259 3514 tempus
1284 3447 1311 3497 in
1338 3445 1424 3513 prac-

317 3516 428 3569 dicando
458 3518 602 3585 evaugelio
631 3528 829 3587 consumptum,
863 3520 1036 3589 subitoesse
1064 3527 1215 3587 correptum
1243 3525 1270 3569 et
1297 3525 1424 3586 tanquam

317 3587 499 3657 blasphemum
525 3590 729 3642 condemnatum
759 3600 785 3642 et
810 3591 979 3643 interfectum
1004 3592 1116 3643 lacobus
1141 3592 1218 3641 initio
1253 3590 1361 3656 etipse
1389 3588 1424 3640 ab

319 3659 384 3729 ipsis
404 3669 432 3713 ut
457 3663 494 3713 ita
516 3662 602 3715 dicum
622 3662 773 3715 carceribus
787 3671 937 3729 protractus
964 3671 991 3715 et
1009 3663 1042 3715 ab
1057 3663 1163 3714 Herode
1177 3662 1282 3713 ludaeis
1307 3661 1424 3727 cupicu-

320 3732 391 3783 tibus
411 3733 568 3785 interiectus
599 3742 648 3785 est.
686 3750 799 3801 quocum
818 3736 940 3787 veritatis
961 3736 1138 3787 firmissimum
1160 3734 1278 3785 concidit
1297 3731 1424 3783 columen

322 3810 349 3853 et
369 3804 538 3869 praesidium.
575 3804 634 3857 noli
655 3805 738 3874 igitur
766 3807 867 3869 mirari,
887 3807 958 3874 quod
976 3822 1029 3857 non
1049 3806 1176 3857 contiuuo
1198 3804 1314 3855 iniuriae
1335 3819 1351 3853 a
1370 3802 1422 3854 deo

322 3874 499 3926 vindicentur.
545 3876 609 3927 deus
632 3879 701 3927 enim
729 3876 908 3943 improborum
929 3878 1015 3930 studia
1034 3893 1087 3929 non
1109 3876 1180 3927 solet
1209 3876 1260 3927 iam
1288 3874 1422 3941 principio

253 3966 261 3985 ·
321 3944 456 3997 retardare
475 3946 521 3998 sed
541 3954 595 3997 tum
616 3946 718 3999 demum
729 3964 809 4017 quum
828 3964 987 4018 progressus
1008 3950 1131 4000 fecerunt
1150 3956 1199 3999 ets
1214 3946 1336 4014 plurimis
1356 3960 1424 4012 per·
1510 3947 1511 3978 λ

322 4023 415 4083 specta
436 4023 505 4069 sunt.
544 4018 582 4067 uti
601 4020 664 4084 scis,
683 4019 752 4073 Abel
772 4021 817 4087 qui
836 4019 915 4071 horno
935 4022 1018 4072 iustus
1039 4027 1096 4070 erat
1120 4026 1222 4071 mature
1240 4026 1351 4069 necatus
1371 4025 1423 4070 est.

324 4086 390 4141 Cain
409 4103 475 4139 vero
498 4097 626 4156 provectu
646 4091 749 4141 demum
772 4100 859 4143 aetate
879 4092 1004 4145 decessit.
1049 4092 1120 4157 quod
1138 4092 1204 4142 deus
1226 4105 1259 4141 eo
1279 4088 1338 4139 fieri
1358 4103 1425 4154 pas.

323 4174 367 4213 sus
389 4167 439 4225 est,
458 4168 487 4211 ut
508 4160 552 4213 hic
571 4161 667 4229 culpae
688 4178 752 4213 suae
771 4164 895 4215 conscius
914 4169 986 4213 esset
1002 4176 1052 4227 per
1070 4160 1177 4230 longam
1196 4169 1319 4213 aetatem.
1342 4160 1425 4211 etiain

323 4246 483 4301 praecursor
504 4232 618 4287 loanucs
644 4233 803 4285 interiectus
823 4242 872 4285 cst.
910 4233 1031 4284 Herodes
1049 4241 1138 4285 autem
1157 4234 1202 4302 qui
1222 4232 1359 4285 interiecit
1376 4232 1425 4283 diu

322 4304 466 4375 impunitus
495 4306 561 4360 vixit
590 4320 675 4377 usque
694 4304 725 4357 ad
745 4305 814 4359 diem
832 4304 935 4371 iudicii,
955 4304 992 4357 itu
1014 4305 1118 4375 quidem
1139 4314 1168 4357 ut
1189 4306 1234 4375 qui
1253 4305 1305 4359 iam
1324 4303 1374 4357 hac
1395 4305 1425 4360 iu

1209 4393 1214 4414 t
