3184 5100
246 461 249 477 1
287 401 510 490 nrsronmu
533 419 792 492 omimium
810 426 921 491 xxvi.
939 405 1009 492 λλ.
1030 405 1101 492 it.
1190 388 1256 494 'oo
1296 427 1302 438 ’

157 584 358 669 αδτιένδρους
381 580 442 650 ὅπδ
471 590 606 672 βρίθους
636 590 700 652 τῶν
721 587 868 672 ἀλλήλοις
889 584 1113 672 έπιπηδοὸντων
1135 587 1259 670 dosori-

156 711 240 764 τιτως
264 689 299 752 έν
319 683 434 778 σκὸτιιι
447 693 502 754 καί
524 694 626 754 νυκτί.
680 682 762 774 ἦσαν
784 691 816 752 δ’
849 689 887 754 οἳ
906 692 960 752 καί
978 690 1106 780 α’πτιρίη
1127 688 1179 754 κκί
1198 692 1259 774 α’γ-

158 794 225 878 υοίρι
257 794 387 874 χωρίων
417 792 449 868 ές
467 788 572 875 βρὸχη
599 787 848 876 συνερρήγνυντό
881 814 915 856 τι
936 792 993 855 καί
1025 793 1072 866 είς
1102 793 1161 876 γη”ν
1185 789 1258 867 τοὸς

159 883 278 974 ὅνδρας
296 893 475 975 ἐρρίπτουν,
497 893 654 968 οέθοὸντος
668 895 725 956 τοῦ
740 897 891 978 κύματος,
911 893 955 969 οἷς
973 893 1029 957 καί
1043 897 1076 969 ές
1089 891 1146 976 την
1166 889 1260 958 ὅστε-

135 994 255 1078 5ραίαν
277 990 418 1076 ὅροῖσθαι
450 993 511 1057 τῶν
534 993 729 1060 Κατελᾰνων
752 995 889 1070 πολλοὺς
922 998 1145 1075 πλανωμένους
1166 995 1200 1057 έν
1221 995 1259 1080 τῇ

155 1092 326 1174 Ῥωμαίων
346 1097 403 1182 γῇ,
434 1092 489 1158 καί
516 1091 560 1178 μη
596 1101 757 1171 συνιέντας
785 1093 923 1180 γλυέττης
950 1096 1146 1182 Ἑλληνικῆς,
1179 1095 1258 1178 μηθ’

159 1188 220 1282 ὅπη
244 1195 300 1278 γῆς
322 1196 394 1272 εἰσί,
414 1194 492 1278 μηδ’
513 1191 573 1284 ὅπη
596 1191 660 1279 χρὴ
683 1199 916 1279 πορευομένους
937 1195 994 1280 την
1016 1197 1177 1282 σωτηρίαν
1200 1217 1259 1259 πο-
1334 1208 1337 1221 ’

159 1296 319 1374 ριζισθαι.
355 1287 453 1384 ἱἦσαν
474 1297 504 1359 δ’
537 1294 570 1360 οἳ
597 1295 657 1358 κιίκ
678 1298 740 1360 τῶν
769 1294 963 1379 τραυμάτων
991 1297 1260 1378 λειποψυχοῦνττς

157 1391 301 1458 ἔπιπτον.
346 1394 380 1459 σέ
403 1397 431 1458 δ’
455 1390 627 1479 ἡμιθνῆτες
656 1393 787 1460 ἔπιπτον
808 1393 889 1462 sord
913 1396 968 1481 τῆς
989 1398 1143 1480 ψάμμου,
1176 1393 1210 1458 οἳ
1232 1394 1324 1459 d'n

122 1503 150 1555 10
160 1495 398 1572 δκπεπνιυιιὸτις
428 1490 487 1581 ἤδη
508 1499 621 1572 τελέως
644 1496 759 1578 ἀναμίξ
787 1489 948 1579 ἑκατέρων
973 1500 1036 1562 τοῖν
1059 1495 1261 1580 στρατευμά-

160 1619 235 1660 των.
289 1598 553 1678 έκβρασσομένων
572 1596 648 1682 γὰρ
672 1599 734 1663 τῶν
757 1602 838 1663 νεῶν
871 1594 933 1689 ὅτιὸ
959 1603 1017 1662 τοῦ
1038 1592 1177 1678 κύματος
1200 1591 1261 1674 ἔξω

159 1694 247 1780 παρὰ
270 1694 329 1781 την
356 1700 416 1782 γῆν
446 1694 609 1778 ἐξέπιπτον
636 1703 694 1781 μέν
726 1701 779 1764 καί
809 1702 921 1783 ου’τοί,
943 1702 997 1783 της
1020 1701 1057 1764 δέ
1078 1700 1261 1779 συμπλοκῆς

163 1798 220 1862 ουίι
241 1799 392 1883 ἠμέλουν,
410 1799 479 1864 ἄλλ’
501 1794 611 1876 ὅπλοις
639 1793 827 1867 detractione
861 1795 943 1866 ὅπλα
964 1803 1019 1866 καί
1039 1797 1175 1886 φάλαγξι
1196 1796 1262 1883 qei-

162 1903 280 1981 λαγγας
301 1898 440 1982 πεζικιίς,
462 1900 505 1977 οἷς
523 1904 669 1984 γίνεσθαι
695 1905 828 1967 διπλοῦν
857 1905 974 1968 ἐκεῖνον
995 1903 1184 1983 συμβαίνειν
1207 1895 1261 1963 τὸυ

122 1994 313 2083 lindissem,
336 2004 521 2084 ναυμαχίαν
541 2025 572 2067 τι
594 2005 650 2067 καί
669 2003 970 2085 πεζομαχίαν-κοτέ
993 2002 1116 2068 ταδτὸν.
1159 2023 1263 2082 τραυ-

158 2101 271 2181 ματίαι
293 2103 322 2167 δ’
345 2096 413 2169 ὅσοι
436 2107 580 2187 βαδίζειν
602 2102 771 2185 έδὸναντο,
792 2099 888 2181 ἄλλος
919 2099 1003 2194 ὅλληι
1028 2101 1160 2188 ἡγεμόσι
1179 2128 1261 2187 χρη.

161 2200 292 2284 σοίμευοι
314 2207 368 2289 τῆς
391 2205 481 2284 ὁδοῦ,
507 2209 549 2270 δι’
570 2201 644 2292 ὅλης
668 2203 789 2290 ἡμέρας
810 2203 896 2281 έντὸς
918 2207 1259 2290 έγένοντοΒυζαντίου.

159 2308 214 2369 καί
240 2309 450 2390 ψυχαγωγίας
483 2305 614 2391 ἔτυχον,
648 2305 764 2373 dudone
793 2305 930 2395 ἐφικτόν.
974 2306 1011 2374 ro'
1032 2307 1151 2392 γέμην
1171 2301 1259 2389 παρὰ

162 2407 217 2470 τὸν
241 2405 387 2489 οἰγιαλὸν
411 2407 612 2494 έπιρρεῦσαν.
656 2412 680 2450 ’ί
701 2413 803 2474 ἕωθεν
824 2410 1040 2494 η’πιιρωτικόν,
1062 2405 1390 2492 &retorquentium

122 2509 280 2596 λθπλῆθος
313 2509 439 2594 α’λίγους
465 2517 524 2593 μὲν
554 2505 621 2596 εἶχε
641 2509 719 2589 τούς
747 2511 954 2599 στρατιώτας,
989 2509 1025 2577 sd
1048 2512 1083 2577 δέ
1106 2515 1261 2591 πλεῖστον,

160 2616 192 2691 ἐξ
213 2607 340 2698 ἁπάσης
359 2618 470 2697 τέχνης
498 2610 537 2699 ἧν
559 2617 730 2697 ξυμμιγές,
753 2606 812 2697 ὅση
838 2638 870 2679 rs
891 2611 1104 2697 βαναυοοὸδης
1126 2612 1181 2676 κατ’
1201 2607 1260 2695 ὅση

161 2718 201 2801 τῇ
222 2718 358 2802 γεωργίη
387 2718 623 2803 προσετιτηκιι·
680 2715 735 2781 καί
763 2711 803 2801 η’ν
828 2714 976 2783 ἁπάντων
1008 2714 1261 2803 έκείνωνζοέδείς

161 3050 195 3087 ex
213 3032 345 3098 adverso,
373 3040 403 3085 ut
425 3034 653 3101 supradiximus,
677 3034 776 3100 adorti,
796 3033 948 3102 praefectus
975 3032 1070 3087 classis
1088 3035 1262 3103 praefectum,

160 3112 241 3159 nauta
260 3112 367 3157 nantem
387 3106 561 3175 cominusque
580 3114 704 3175 tauquam
723 3122 814 3177 pugna
837 3107 958 3158 terrestri
982 3106 1102 3159 menibus
1122 3108 1262 3173 consertis,

161 3177 279 3230 hostium
298 3184 413 3245 stragem
437 3176 491 3229 late
513 3178 665 3243 ediderunt,
683 3180 720 3230 ita
739 3188 768 3230 ut
785 3177 934 3229 nonnullae·
958 3192 1043 3230 neves
1067 3180 1145 3231 nimis
1164 3194 1263 3231 onera.

159 3260 204 3303 tue
226 3264 287 3300 cum
312 3248 461 3301 hominibus
487 3250 725 3318 demergerentur,
750 3252 778 3301 in
804 3249 923 3301 tenebris
950 3251 1037 3300 noctis
1062 3249 1118 3301 ulio
1135 3251 1164 3301 in
1182 3250 1263 3301 ulium

160 3318 318 3374 inconsulto
338 3321 465 3372 irruente.
502 3321 649 3373 nonnullae
668 3323 888 3391 uerojmqreritia
910 3328 937 3373 et
954 3322 1125 3389 ignoratione
1143 3320 1263 3372 locorum

159 3395 187 3445 in
208 3392 306 3444 brevia
324 3392 392 3445 vada
419 3392 574 3460 compulsae
596 3393 695 3447 milites
721 3394 845 3446 ductibus
868 3394 1035 3445 tradentibus
1061 3400 1088 3444 ct
1106 3392 1263 3460 urgentibus

159 3466 307 3515 interram
330 3464 477 3527 eiecerunt,
498 3480 550 3533 quo
571 3465 668 3517 iactum
689 3474 746 3531 est,
769 3472 801 3516 ut
824 3473 932 3533 postero
959 3466 1004 3517 die
1022 3464 1098 3517 multi
1118 3463 1264 3518 catelano-

160 3552 220 3591 rum
240 3536 268 3587 in
280 3536 456 3587 Romanorum
474 3545 546 3588 terra
565 3536 721 3589 oberrantes
741 3538 972 3603 conspicerentur,
992 3538 1037 3605 qui
1056 3535 1264 3604 linguueGrue-

161 3623 210 3659 cae
231 3606 351 3675 imperiti
374 3622 425 3658 uec
446 3608 490 3659 ubi
516 3616 646 3661 terrerum
672 3616 762 3661 essent
779 3624 832 3659 nec
851 3623 903 3675 quo
923 3608 1060 3675 proiecti,
1079 3608 1192 3659 salutem
1213 3606 1265 3659 sibi
1380 3653 1382 3658 .

161 3686 327 3747 quaererent
349 3679 413 3731 satis
434 3678 600 3746 exploratum
627 3680 768 3749 habebant.
814 3680 862 3732 ulii
884 3694 949 3731 uero
975 3695 1009 3731 ex
1034 3678 1190 3732 vulneribus
1209 3678 1265 3731 iin.

160 3754 263 3819 querite
282 3750 369 3801 anima
388 3750 605 3815 collabebantur3
624 3752 672 3803 ulii
691 3752 855 3805 semimortui
873 3752 901 3803 in
919 3766 1000 3803 arena
1017 3751 1118 3802 mariue
1137 3747 1265 3803 concide.

159 3824 245 3886 irunt3
267 3820 315 3873 aiii
337 3820 416 3888 piane
434 3824 521 3874 anima
542 3826 676 3890 exspirata
693 3825 845 3891 prorniscue
865 3839 899 3874 ex
917 3832 1030 3890 utroque
1050 3823 1171 3873 exercitu
1191 3824 1267 3875 iace.

159 3896 236 3947 bant.
265 3892 379 3945 navibus
400 3895 470 3945 euim
489 3893 615 3947 fluctuum
636 3904 711 3964 ueqtu
730 3897 762 3947 ad
781 3904 878 3947 terram
898 3896 993 3946 eiectis
1014 3895 1135 3945 homines
1156 3896 1267 3947 excide.

161 3972 235 4029 runt,
255 3964 303 4015 sed
323 3966 473 4017 certaminis
493 3968 651 4019 conserendi
679 3968 839 4035 neutiquam!
855 3965 932 4018 obliti
961 3968 1040 4018 armis
1060 3982 1141 4030 armo,
1161 3966 1266 4019 ordini.

160 4038 211 4089 bus
235 4035 343 4087 ordines
360 4037 538 4103 opponebant.
559 4039 595 4090 ita
613 4038 744 4105 proelium
757 4038 825 4089 iilud
846 4046 872 4089 et
886 4037 984 4090 navale
1004 4046 1031 4089 et
1050 4046 1178 4090 terrestre
1199 4046 1265 4090 erat.

160 4108 248 4161 saucii
260 4114 359 4171 autem,
381 4116 551 4178 quotcunque
566 4110 677 4177 pedibus
690 4111 730 4161 ire
744 4109 880 4174 valebant,
893 4110 941 4161 aiii
956 4109 1017 4160 uliis
1034 4111 1139 4161 itineris
1154 4110 1266 4161 ducibus

160 4181 203 4232 usi
224 4194 275 4247 per
294 4186 378 4231 totum
396 4180 466 4231 diem
485 4181 644 4248 Byzantium
664 4189 860 4246 convenerunt,
880 4181 925 4233 ubi
948 4188 1073 4249 quantum
1091 4181 1150 4233 iieri
1170 4183 1266 4252 potqit,

161 4252 261 4303 iactam
280 4252 445 4303 curationem
465 4254 537 4304 nacti
560 4262 629 4305 sunt.
675 4251 752 4303 turim
773 4260 860 4305 autem
880 4252 938 4317 illu,
968 4253 1001 4304 de
1022 4267 1073 4320 qus
1091 4252 1214 4314 diximus,
1235 4267 1268 4301 ex

164 4323 317 4375 continenti
342 4322 374 4374 sd
403 4337 475 4375 orum
500 4322 566 4376 solis
595 4331 655 4375 ortu
674 4324 762 4377 delata
787 4338 887 4391 paucos
912 4331 1012 4375 tuntum
1043 4338 1133 4375 secum
1153 4322 1268 4373 habebat
