3184 5100
310 424 531 492 nrsromsn
547 423 807 494 nuzlarinsn
823 429 964 494 τικτιιι.
986 393 1115 497 547.
1207 424 1275 498 τεο

169 609 240 652 σαι.
287 587 429 665 ἐπίδοξον
450 585 511 671 γόρ
547 582 718 672 ότιοόρχεινΙ
735 587 900 670 ἐσβάλλειν
922 592 967 663 είς
991 587 1119 679 Θρᾴκην
1138 590 1277 676 στρατόν

175 689 345 768 Τριβαλοῖν
368 687 583 776 Παλαιολόγῳ
604 691 648 776 κρῖ
675 693 806 769 βασιλεῖ
832 691 1098 774 συμμαχήσοντα.
1142 685 1225 757 εἶναι
1248 693 1277 756 δ’

171 778 232 850 οὖν
254 787 422 868 α’ναγκαίον
444 787 525 867 κόμί
540 812 620 872 φησι
642 786 773 854 κατόπιν
797 790 854 868 ξόν
874 813 909 873 χι
932 794 976 878 τῷ
996 796 1185 880 βαρβαρικῷ
1206 795 1280 857 ἐπί-

170 888 247 952 όντα
270 891 394 975 στρατρῖ
416 883 469 950 διό
493 889 554 951 τεόν
572 891 721 971 χρυσίων
739 912 772 953 τε
799 890 933 955 εἰσιέναι
954 893 1129 966 πυλαῖνέἰς
1149 891 1302 972 Βυζόν-,

142 1007 240 1060 5τιον
261 985 362 1061 sobbe
382 987 437 1052 καί
455 989 561 1053 πᾶσαν
582 983 760 1079 αὔτανδρον
779 982 896 1073 ,όρδην
917 987 1067 1073 ἐκτρῖψαι
1099 988 1156 1075 τόν
1178 990 1277 1078 πόλιν,

170 1088 216 1162 τός
238 1089 269 1153 εἰ
289 1088 334 1172 μή
353 1111 388 1170 χι
411 1084 485 1169 ἐμὲ,
517 1089 586 1154 ἀλλ’
613 1082 669 1153 σόν
690 1089 765 1173 μήτ’
800 1088 897 1163 ατίτόν
919 1089 1102 1171 βασιλεύειν
1123 1088 1183 1173 ότι,
1203 1095 1277 1178 μήτ’

171 1182 220 1264 οἷς
238 1188 470 1271 βασιλεύεσθαι
500 1191 559 1254 τοῦ
592 1193 705 1256 λοιποῦ
740 1190 849 1275 χρεόν
879 1185 978 1256 εἶναι·
1028 1196 1085 1258 καί
1109 1187 1156 1269 οἷς
1179 1197 1207 1258 δ’
1232 1188 1276 1258 αδ

172 1291 344 1370 διαδρᾶναι
364 1289 420 1354 τόν
435 1293 580 1356 κίνδυνον
593 1291 755 1375 δήπουθεν
771 1298 901 1378 γένοιτο,
919 1298 974 1359 καί
995 1294 1120 1370 τοότοις
1142 1299 1171 1359 δ’
1193 1288 1276 1360 εἶναι

170 1398 243 1466 σοῖς
262 1386 488 1476 όποχτιρίοις.”

129 1518 162 1572 10
278 1490 406 1558 Τσότων
429 1496 457 1558 δ’
478 1492 561 1560 olco
585 1501 907 1578 παρεσκευασμένων,
930 1497 969 1562 οδ
991 1505 1123 1576 πολλοῖς
1143 1494 1310 1583 irrepere

173 1589 310 1679 ἦμόραις
331 1595 456 1678 ὀλίγους
479 1588 573 1672 ὄντας
596 1597 612 1660 o‘
639 1596 907 1683 Καντακουζηνός
935 1597 990 1664 διό
1015 1604 1078 1664 ταῖν
1100 1599 1276 1684 ἡμεροσκό·

174 1720 244 1760 πων
263 1698 460 1780 μεμαθηκώς
488 1701 542 1762 κατ’
559 1699 654 1779 μόλις
686 1696 718 1774 ἐς
751 1705 1026 1783 τετρακισχιλίους
1058 1697 1277 1782 theoprepia

173 1796 250 1874 τοός
271 1820 304 1879 γε
330 1800 375 1872 τίς
398 1798 583 1882 ξυμμαχίαν
605 1795 895 1884 ι’όνταςχΤριβαλιόν
916 1799 1112 1881 στρατιώτας
1127 1805 1278 1864 Παλαισ-

111 1985 118 1990 .
174 1894 276 1985 λόχῳ,
300 1904 541 1979 μεταπέμπεται
565 1901 670 1990 inope
701 1898 757 1980 ξόν
787 1925 822 1985 γε
854 1903 978 1988 σπουδῇ
999 1899 1056 1983 τήν
1076 1897 1278 1983 βαρβαρικὴν

133 2019 164 2072 15
173 1999 230 2060 τοῦ
249 1996 403 2080 Ὑρκανοῦ
425 1997 560 2079 δύναμιν
583 2001 828 2085 ε’μπαρόσκευόν
848 2025 880 2065 τι
911 2004 966 2066 καί
985 1999 1074 2085 μάλα
1096 2027 1124 2064 τι
1143 1993 1278 2064 τόοπλον

173 2099 250 2178 περί
271 2096 457 2179 Λάμψακον
483 2101 742 2185 ἐφεδριόουσαν,
765 2094 844 2184 όχρι
872 2103 928 2166 κατ’
956 2099 988 2175 ἐς
1013 2103 1203 2164 δυοκαίδεκα
1221 2124 1278 2182 χι-

173 2197 300 2268 λιάδας.
357 2201 391 2264 ot
416 2199 454 2283 δὴ
477 2203 535 2264 καί
566 2200 622 2264 τόν
640 2198 1064 2284 Ἑλλήσποντονδιαβόντες
1086 2203 1161 2286 πρίν
1175 2194 1289 2283 αι’διὲ-Ι
1401 2203 1404 2207 ’

172 2302 250 2364 σθαι
265 2303 452 2381 Τριβαλοός,
473 2296 542 2381 όμα
558 2303 601 2389 τῷ
617 2304 747 2386 πλησίον
763 2306 795 2379 ἐς
808 2302 1042 2384 Διδυμότειχον
1061 2299 1148 2386 ἥκειν
1169 2302 1278 2368 ἐπεισ-

168 2405 338 2466 πίιττουσιν
359 2403 509 2487 ἐξαίφνης
543 2400 697 2484 ἀόπλοις,
722 2403 797 2489 πρίν
828 2404 884 2469 τόν
905 2405 940 2470 όκ
975 2405 1032 2486 τῆς
1055 2403 1133 2468 όδσῦ
1152 2401 1277 2486 μόχθον

132 2503 249 2585 poyeio
270 2498 528 2579 α’ποτινόξασθαι.
579 2506 635 2569 καί
662 2503 735 2581 τοὺς
756 2510 817 2585 μὲν
846 2506 1030 2571 α’πέκττινιτν
1050 2503 1124 2581 τοός
1145 2507 1174 2569 δ’
1195 2502 1398 2584 &Cei-idolam

173 2626 316 2685 χρησαν,
343 2604 398 2667 καί
417 2597 485 2683 όμα
508 2608 615 2670 πᾶσαν
644 2604 764 2671 ἐκεῖθεν
785 2599 909 2689 ἤλασαν
929 2606 1019 2671 λείαν
1042 2607 1148 2670 ἵππων
1170 2629 1204 2669 τε
1224 2608 1279 2669 κατ’

175 2698 326 2785 όρμόταν
354 2707 532 2770 πολυτελῶν
560 2707 605 2781 είς
622 2707 730 2772 Ἀσίαν
754 2707 893 2789 α’πονιχτί.
937 2705 1079 2789 τῶνγὰρ
1106 2708 1276 2796 Θρᾳκικῶν

175 2800 280 2869 τόπιυν
307 2803 509 2872 παντάπασιν
540 2798 631 2873 oriam
658 2806 771 2891 δήθεσι
806 2817 871 2884 τοῖς
895 2813 1087 2894 Τριβαλοϊς,
1122 2810 1179 2872 καί
1209 2803 1277 2888 ἅμα

178 3117 246 3157 cano
264 3100 378 3156 barbaro
407 3102 475 3156 clam
503 3102 643 3156 denuntiat
666 3111 697 3157 nt
720 3102 772 3156 duo
796 3102 910 3155 militum
938 3102 1014 3155 milia
1039 3119 1117 3173 quam
1136 3103 1278 3158 celerrime

178 3182 293 3244 pararet.
331 3176 494 3227 verissimile
515 3176 583 3228 enim
607 3190 666 3228 esse
684 3173 861 3228 Triballorum
884 3176 1029 3227 exereitum
1039 3174 1176 3228 Thraciam
1197 3178 1277 3229 inea.

179 3263 280 3311 surum,
300 3254 330 3297 ut
349 3263 406 3298 cum
420 3246 583 3314 Palaeoiogo
605 3263 671 3315 rege
692 3248 849 3298 societatem
867 3247 957 3298 iniret.
993 3262 1107 3297 necesse
1127 3254 1168 3298 est
1184 3249 1277 3316 igitur,

177 3320 283 3386 inquit,
304 3334 347 3369 me
370 3319 446 3386 sequi
466 3334 525 3369 cnm
545 3318 716 3371 barbarorum
742 3320 862 3369 exercitu
888 3327 915 3369 et
939 3318 1097 3384 Byzantium
1117 3332 1167 3384 per
1185 3334 1279 3371 aureus

177 3393 269 3459 portas
295 3388 422 3441 celeriter
448 3391 597 3457 ingressum
622 3397 704 3441 totam
730 3406 788 3441 eum
821 3385 971 3442 hominibus
997 3389 1090 3441 urbem
1110 3390 1278 3457 extinguere.
1328 3393 1334 3401 “

177 3477 229 3515 nee
248 3462 300 3512 nisi
319 3476 370 3529 ego
390 3461 536 3529 imperabo,
556 3466 645 3531 neque
664 3460 713 3513 ille
728 3462 870 3529 impetere,
889 3477 979 3531 neque
994 3476 1055 3513 ease
1075 3460 1170 3529 quibus
1191 3461 1280 3529 impe.

177 3540 229 3597 ret,
248 3532 330 3584 liceat
349 3534 376 3583 iu
395 3532 520 3584 loturum.

278 3630 366 3697 Atque
388 3630 434 3699 qui
462 3630 612 3696 perieulum
637 3630 799 3699 effugerint,
828 3630 855 3680 bi
881 3645 988 3699 quoqne
1015 3630 1190 3681 inditionem
1209 3637 1280 3680 tuam

178 3701 268 3753 redire
287 3708 429 3767 cogentur.
473 3701 514 3752 bis
539 3703 575 3753 ita
596 3703 754 3769 comparatis
776 3716 832 3753 non
852 3702 941 3753 multis
966 3709 1028 3769 post
1045 3703 1121 3752 annis
1145 3702 1280 3755 cantoen-

178 3786 263 3825 τασαν
282 3788 297 3823 a
315 3772 528 3839 speculatoribus
547 3775 647 3825 certior
667 3773 752 3825 iactus
778 3788 879 3840 pauens
897 3775 925 3825 in
946 3772 1104 3839 Palaeologi
1123 3774 1280 3828 societatem

178 3844 274 3895 venire
298 3842 473 3896 Triballorum
500 3844 599 3897 milites
625 3853 651 3897 et
682 3846 729 3897 vix
751 3853 865 3912 quatuor
890 3844 984 3908 milia,
1005 3841 1133 3895 celeriter
1152 3844 1279 3896 barbaros
1332 3892 1337 3903 ,

179 3915 296 3981 Hyrcani
327 3916 418 3982 copias
444 3916 544 3983 optime
571 3924 718 3969 exstructas
744 3925 826 3983 atque
850 3924 962 3967 armatas
987 3916 1019 3966 ad
1044 3915 1182 3967 duodecim
1206 3914 1280 3967 milia

178 3986 315 4051 Lampsaci
334 3988 529 4055 oppugnandae
548 4002 626 4038 causa
644 3988 765 4039 arcessit.
804 3988 849 4055 qni
868 3987 1044 4053 Hellesponto
1070 3994 1279 4054 anteauperato

179 4073 256 4127 quam
266 4057 634 4122 animadverteruntTriballi,
643 4058 804 4127 simulatque
811 4058 1015 4125 Didymoteicbo
1025 4060 1239 4127 appropinquant
1252 4061 1281 4110 in

178 4132 294 4181 inermes
313 4138 425 4195 repente
451 4130 589 4181 irruerunt
604 4133 755 4196 priusquam
774 4132 837 4182 viae
849 4130 998 4181 molestiam
1017 4129 1190 4193 sustulerant,
1212 4130 1280 4182 elios

179 4200 351 4264 occiderunt,
375 4200 444 4252 alios
466 4202 545 4253 viros
564 4203 592 4252 in
611 4201 791 4267 captivitatem
818 4202 950 4253 duxerunt
975 4209 1002 4252 et
1020 4216 1099 4252 omne
1117 4202 1180 4252 inde
1198 4216 1280 4267 prae.

179 4273 237 4324 dam
268 4286 396 4339 equorum
425 4288 602 4342 curruumque
630 4273 786 4323 eximiorum
821 4273 849 4323 in
873 4274 962 4325 Asiam
987 4272 1070 4325 facile
1098 4273 1280 4323 traduxerunt.

179 4342 319 4413 imperitis.
341 4344 413 4396 enim
431 4342 562 4398 Thraciae
584 4346 725 4412 regionum
744 4342 868 4397 Triballis
894 4360 946 4397 nec
970 4344 1142 4403 barbarorum
1159 4340 1280 4395 irruendi
