<?xml version="1.0" encoding="UTF-8"?>
<!DOCTYPE html PUBLIC "-//W3C//DTD XHTML 1.0 Transitional//EN"
    "http://www.w3.org/TR/xhtml1/DTD/xhtml1-transitional.dtd">
<html xmlns="http://www.w3.org/1999/xhtml" xml:lang="en" lang="en">
 <head>
  <title>
</title>
<meta http-equiv="Content-Type" content="text/html;charset=utf-8" />
  <meta name='ocr-system' content='tesseract 3.04.00' />
  <meta name='ocr-capabilities' content='ocr_page ocr_carea ocr_par ocr_line ocrx_word'/>
</head>
<body>
  <div class='ocr_page' id='page_1' title='image "./nicephorigregor04schogoog_0249.png"; bbox 0 0 3184 5100; ppageno 0'>
   <div class='ocr_carea' id='block_1_1' title="bbox 311 417 1095 495">
    <p class='ocr_par' dir='ltr' id='par_1_1' title="bbox 311 417 1095 495">
     <span class='ocr_line' id='line_1_1' title="bbox 311 417 1095 495; baseline -0.011 0"><span class='ocrx_word' id='word_1_1' title='bbox 311 417 386 495; x_wconf 70' lang='lat'><strong>238</strong></span> <span class='ocrx_word' id='word_1_2' title='bbox 610 422 836 492; x_wconf 73' lang='lat' dir='ltr'><strong>mesauoat</strong></span> <span class='ocrx_word' id='word_1_3' title='bbox 864 422 1095 489; x_wconf 70' lang='lat' dir='ltr'><strong>osmonte</strong></span> 
     </span>
    </p>
   </div>
   <div class='ocr_carea' id='block_1_2' title="bbox 246 582 1517 2998">
    <p class='ocr_par' dir='ltr' id='par_1_2' title="bbox 312 582 1415 672">
     <span class='ocr_line' id='line_1_2' title="bbox 312 582 1415 672; baseline -0.008 -18"><span class='ocrx_word' id='word_1_4' title='bbox 312 587 449 672; x_wconf 74' lang='grc' dir='ltr'><strong><em>ἔρχομαι</em></strong></span> <span class='ocrx_word' id='word_1_5' title='bbox 472 588 538 669; x_wconf 81' lang='grc' dir='ltr'><strong><em>νόν,</em></strong></span> <span class='ocrx_word' id='word_1_6' title='bbox 560 584 617 662; x_wconf 77' lang='grc' dir='ltr'><strong>τός</strong></span> <span class='ocrx_word' id='word_1_7' title='bbox 639 589 702 652; x_wconf 73' lang='grc' dir='ltr'><strong>τεέν</strong></span> <span class='ocrx_word' id='word_1_8' title='bbox 727 592 831 671; x_wconf 82' lang='grc' dir='ltr'><strong><em>φίλων</em></strong></span> <span class='ocrx_word' id='word_1_9' title='bbox 859 586 912 650; x_wconf 84' lang='grc' dir='ltr'><strong>καί</strong></span> <span class='ocrx_word' id='word_1_10' title='bbox 932 582 1103 653; x_wconf 78' lang='grc' dir='ltr'><strong><em>συνόδλοιν</em></strong></span> <span class='ocrx_word' id='word_1_11' title='bbox 1135 585 1198 647; x_wconf 82' lang='grc' dir='ltr'><strong><em>τοόν</em></strong></span> <span class='ocrx_word' id='word_1_12' title='bbox 1219 584 1284 647; x_wconf 74' lang='lat' dir='ltr'><strong>ocio</strong></span> <span class='ocrx_word' id='word_1_13' title='bbox 1305 582 1415 645; x_wconf 82' lang='grc' dir='ltr'><strong><em>δυσοι-</em></strong></span> 
     </span>
    </p>

    <p class='ocr_par' dir='ltr' id='par_1_3' title="bbox 279 678 1499 1078">
     <span class='ocr_line' id='line_1_3' title="bbox 279 678 1417 774; baseline -0.004 -20"><span class='ocrx_word' id='word_1_14' title='bbox 279 727 282 736; x_wconf 85' lang='grc'><strong><em>·</em></strong></span> <span class='ocrx_word' id='word_1_15' title='bbox 312 691 466 770; x_wconf 79' lang='grc' dir='ltr'><strong><em>παιόμενος</em></strong></span> <span class='ocrx_word' id='word_1_16' title='bbox 488 686 624 763; x_wconf 77' lang='grc' dir='ltr'><strong><em>ἐντολάς.</em></strong></span> <span class='ocrx_word' id='word_1_17' title='bbox 666 687 807 772; x_wconf 60' lang='lat' dir='ltr'><strong>botryo</strong></span> <span class='ocrx_word' id='word_1_18' title='bbox 838 687 900 771; x_wconf 76' lang='grc' dir='ltr'><strong>γὰρ</strong></span> <span class='ocrx_word' id='word_1_19' title='bbox 929 687 947 772; x_wconf 80' lang='grc' dir='ltr'><strong><em>ἡ</em></strong></span> <span class='ocrx_word' id='word_1_20' title='bbox 980 691 1022 774; x_wconf 71' lang='lat' dir='ltr'><strong>api</strong></span> <span class='ocrx_word' id='word_1_21' title='bbox 1055 678 1123 751; x_wconf 82' lang='grc' dir='ltr'><strong><em>όντι</em></strong></span> <span class='ocrx_word' id='word_1_22' title='bbox 1146 688 1340 767; x_wconf 82' lang='grc' dir='ltr'><strong><em>βασίλισσα,</em></strong></span> <span class='ocrx_word' id='word_1_23' title='bbox 1360 679 1417 749; x_wconf 68' lang='grc' dir='ltr'><strong><em>κατ’</em></strong></span> 
     </span>
     <span class='ocr_line' id='line_1_4' title="bbox 313 784 1499 877; baseline -0.008 -22"><span class='ocrx_word' id='word_1_24' title='bbox 313 789 371 867; x_wconf 84' lang='grc' dir='ltr'><strong>τός</strong></span> <span class='ocrx_word' id='word_1_25' title='bbox 392 793 575 870; x_wconf 75' lang='grc' dir='ltr'><strong><em>ἐπωνυμίας</em></strong></span> <span class='ocrx_word' id='word_1_26' title='bbox 605 787 802 877; x_wconf 66' lang='grc' dir='ltr'><strong><em>συμφώνους</em></strong></span> <span class='ocrx_word' id='word_1_27' title='bbox 832 792 875 877; x_wconf 77' lang='grc' dir='ltr'><strong><em>τῷ</em></strong></span> <span class='ocrx_word' id='word_1_28' title='bbox 889 814 894 819; x_wconf 94' lang='grc'>·</span> <span class='ocrx_word' id='word_1_29' title='bbox 910 792 968 877; x_wconf 76' lang='grc' dir='ltr'><strong>βίῳ</strong></span> <span class='ocrx_word' id='word_1_30' title='bbox 1000 790 1102 871; x_wconf 75' lang='grc' dir='ltr'><strong><em>λόγοις</em></strong></span> <span class='ocrx_word' id='word_1_31' title='bbox 1134 784 1202 869; x_wconf 82' lang='grc' dir='ltr'><strong>όμα</strong></span> <span class='ocrx_word' id='word_1_32' title='bbox 1231 787 1413 870; x_wconf 78' lang='grc' dir='ltr'><strong><em>κτησαμένη</em></strong></span> <span class='ocrx_word' id='word_1_33' title='bbox 1497 866 1499 870; x_wconf 18' lang='grc' dir='ltr'>ι</span> 
     </span>
     <span class='ocr_line' id='line_1_5' title="bbox 314 886 1414 974; baseline -0.008 -19"><span class='ocrx_word' id='word_1_34' title='bbox 314 894 369 957; x_wconf 87' lang='grc' dir='ltr'><strong><em>κοί</em></strong></span> <span class='ocrx_word' id='word_1_35' title='bbox 388 888 499 974; x_wconf 77' lang='grc' dir='ltr'><strong><em>ἔργοις,</em></strong></span> <span class='ocrx_word' id='word_1_36' title='bbox 522 889 658 966; x_wconf 80' lang='grc' dir='ltr'><strong><em>πολλοός</em></strong></span> <span class='ocrx_word' id='word_1_37' title='bbox 679 890 760 973; x_wconf 81' lang='grc' dir='ltr'><strong>όπέρ</strong></span> <span class='ocrx_word' id='word_1_38' title='bbox 780 895 843 955; x_wconf 80' lang='grc' dir='ltr'><strong><em>τεόν</em></strong></span> <span class='ocrx_word' id='word_1_39' title='bbox 864 888 962 955; x_wconf 74' lang='grc' dir='ltr'><strong><em>θείων</em></strong></span> <span class='ocrx_word' id='word_1_40' title='bbox 984 888 1151 973; x_wconf 72' lang='grc' dir='ltr'><strong><em>δογμότιον</em></strong></span> <span class='ocrx_word' id='word_1_41' title='bbox 1171 890 1226 970; x_wconf 77' lang='grc' dir='ltr'><strong>τῆς</strong></span> <span class='ocrx_word' id='word_1_42' title='bbox 1247 886 1414 971; x_wconf 84' lang='grc' dir='ltr'><strong><em>ἐκκλησίας</em></strong></span> 
     </span>
     <span class='ocr_line' id='line_1_6' title="bbox 312 986 1440 1078; baseline -0.003 -24"><span class='ocrx_word' id='word_1_43' title='bbox 312 989 475 1078; x_wconf 76' lang='grc' dir='ltr'><strong><em>θορόβους</em></strong></span> <span class='ocrx_word' id='word_1_44' title='bbox 507 994 562 1055; x_wconf 85' lang='grc' dir='ltr'><strong>καί</strong></span> <span class='ocrx_word' id='word_1_45' title='bbox 597 990 756 1072; x_wconf 55' lang='lat' dir='ltr'><strong>sterpeta</strong></span> <span class='ocrx_word' id='word_1_46' title='bbox 788 995 843 1057; x_wconf 80' lang='grc' dir='ltr'><strong><em>κατ’</em></strong></span> <span class='ocrx_word' id='word_1_47' title='bbox 873 996 1016 1069; x_wconf 83' lang='grc' dir='ltr'><strong><em>ποικιλας</em></strong></span> <span class='ocrx_word' id='word_1_48' title='bbox 1046 989 1211 1072; x_wconf 73' lang='grc' dir='ltr'><strong><em>ἐναγωγεὶς</em></strong></span> <span class='ocrx_word' id='word_1_49' title='bbox 1237 986 1440 1071; x_wconf 72' lang='grc' dir='ltr'><strong><em>συμφορῶνό</em></strong></span> 
     </span>
    </p>

    <p class='ocr_par' dir='ltr' id='par_1_4' title="bbox 246 1080 1517 1782">
     <span class='ocr_line' id='line_1_7' title="bbox 246 1080 1415 1181; baseline -0.008 -26"><span class='ocrx_word' id='word_1_50' title='bbox 246 1104 254 1115; x_wconf 71' lang='grc'><em>“</em></span> <span class='ocrx_word' id='word_1_51' title='bbox 314 1086 491 1172; x_wconf 80' lang='grc' dir='ltr'><strong><em>όποστᾰσα,</em></strong></span> <span class='ocrx_word' id='word_1_52' title='bbox 508 1094 561 1157; x_wconf 83' lang='grc' dir='ltr'><strong>καί</strong></span> <span class='ocrx_word' id='word_1_53' title='bbox 583 1092 664 1175; x_wconf 91' lang='grc' dir='ltr'><strong><em>πρός</em></strong></span> <span class='ocrx_word' id='word_1_54' title='bbox 685 1083 731 1167; x_wconf 83' lang='grc' dir='ltr'><strong>οἷς</strong></span> <span class='ocrx_word' id='word_1_55' title='bbox 753 1086 838 1174; x_wconf 81' lang='grc' dir='ltr'><strong><em>εἶχεν</em></strong></span> <span class='ocrx_word' id='word_1_56' title='bbox 862 1093 945 1174; x_wconf 78' lang='grc' dir='ltr'><strong><em>ὁμοῦ</em></strong></span> <span class='ocrx_word' id='word_1_57' title='bbox 961 1096 1002 1181; x_wconf 73' lang='grc' dir='ltr'><strong><em>τῷ</em></strong></span> <span class='ocrx_word' id='word_1_58' title='bbox 1022 1092 1104 1178; x_wconf 75' lang='grc' dir='ltr'><strong><em>γηρηι</em></strong></span> <span class='ocrx_word' id='word_1_59' title='bbox 1117 1089 1290 1173; x_wconf 70' lang='grc' dir='ltr'>νοσήμασιν</span> <span class='ocrx_word' id='word_1_60' title='bbox 1306 1080 1415 1158; x_wconf 77' lang='grc' dir='ltr'><strong><em>ἄλλοις</em></strong></span> 
     </span>
     <span class='ocr_line' id='line_1_8' title="bbox 313 1178 1415 1285; baseline -0.007 -28"><span class='ocrx_word' id='word_1_61' title='bbox 313 1214 469 1276; x_wconf 86' lang='grc' dir='ltr'><strong><em>προτερον</em></strong></span> <span class='ocrx_word' id='word_1_62' title='bbox 498 1192 552 1257; x_wconf 86' lang='grc' dir='ltr'><strong>καί</strong></span> <span class='ocrx_word' id='word_1_63' title='bbox 578 1196 718 1257; x_wconf 91' lang='grc' dir='ltr'><strong><em>πλειόσιν</em></strong></span> <span class='ocrx_word' id='word_1_64' title='bbox 750 1190 799 1257; x_wconf 82' lang='grc' dir='ltr'><strong><em>ἔτι</em></strong></span> <span class='ocrx_word' id='word_1_65' title='bbox 823 1200 1080 1285; x_wconf 80' lang='grc' dir='ltr'><strong><em>περιπιπτυκυῖιι</em></strong></span> <span class='ocrx_word' id='word_1_66' title='bbox 1093 1242 1101 1273; x_wconf 82' lang='grc'><strong><em>,</em></strong></span> <span class='ocrx_word' id='word_1_67' title='bbox 1125 1189 1179 1255; x_wconf 86' lang='grc' dir='ltr'><strong>καί</strong></span> <span class='ocrx_word' id='word_1_68' title='bbox 1197 1193 1310 1262; x_wconf 83' lang='grc' dir='ltr'><strong><em>τελέυς</em></strong></span> <span class='ocrx_word' id='word_1_69' title='bbox 1331 1178 1415 1253; x_wconf 78' lang='grc' dir='ltr'><strong><em>νότου</em></strong></span> 
     </span>
     <span class='ocr_line' id='line_1_9' title="bbox 314 1290 1517 1379; baseline -0.008 -22"><span class='ocrx_word' id='word_1_70' title='bbox 314 1295 370 1357; x_wconf 85' lang='grc' dir='ltr'><strong>καί</strong></span> <span class='ocrx_word' id='word_1_71' title='bbox 390 1290 469 1357; x_wconf 81' lang='grc' dir='ltr'><strong><em>κατό</em></strong></span> <span class='ocrx_word' id='word_1_72' title='bbox 490 1291 597 1377; x_wconf 77' lang='grc' dir='ltr'><strong><em>βραχό</em></strong></span> <span class='ocrx_word' id='word_1_73' title='bbox 617 1293 651 1357; x_wconf 87' lang='grc' dir='ltr'><strong><em>τό</em></strong></span> <span class='ocrx_word' id='word_1_74' title='bbox 672 1297 767 1375; x_wconf 73' lang='grc' dir='ltr'><strong><em>σῶμα</em></strong></span> <span class='ocrx_word' id='word_1_75' title='bbox 780 1296 1016 1379; x_wconf 77' lang='grc' dir='ltr'><strong><em>δαπανηθείσα,</em></strong></span> <span class='ocrx_word' id='word_1_76' title='bbox 1040 1294 1120 1377; x_wconf 91' lang='grc' dir='ltr'><strong><em>πρὸς</em></strong></span> <span class='ocrx_word' id='word_1_77' title='bbox 1135 1290 1192 1377; x_wconf 78' lang='grc' dir='ltr'><strong>την</strong></span> <span class='ocrx_word' id='word_1_78' title='bbox 1213 1292 1316 1355; x_wconf 62' lang='lat' dir='ltr'><strong>titas</strong></span> <span class='ocrx_word' id='word_1_79' title='bbox 1334 1290 1417 1353; x_wconf 79' lang='grc' dir='ltr'><strong><em>ἐτεί-</em></strong></span> <span class='ocrx_word' id='word_1_80' title='bbox 1516 1343 1517 1347; x_wconf 75' lang='grc'>,</span> 
     </span>
     <span class='ocr_line' id='line_1_10' title="bbox 314 1383 1416 1480; baseline -0.006 -22"><span class='ocrx_word' id='word_1_81' title='bbox 314 1418 370 1479; x_wconf 88' lang='grc' dir='ltr'><strong>νην</strong></span> <span class='ocrx_word' id='word_1_82' title='bbox 392 1398 470 1470; x_wconf 75' lang='grc' dir='ltr'><strong><em>τέως</em></strong></span> <span class='ocrx_word' id='word_1_83' title='bbox 488 1399 623 1479; x_wconf 76' lang='grc' dir='ltr'><strong><em>μετέστη</em></strong></span> <span class='ocrx_word' id='word_1_84' title='bbox 643 1392 874 1480; x_wconf 78' lang='grc' dir='ltr'><strong>μακαριότητα.</strong></span> <span class='ocrx_word' id='word_1_85' title='bbox 918 1398 975 1459; x_wconf 85' lang='grc' dir='ltr'><strong>νόν</strong></span> <span class='ocrx_word' id='word_1_86' title='bbox 992 1388 1049 1459; x_wconf 73' lang='grc' dir='ltr'><strong>οὖν</strong></span> <span class='ocrx_word' id='word_1_87' title='bbox 1062 1418 1099 1460; x_wconf 86' lang='grc' dir='ltr'><strong><em>σο</em></strong></span> <span class='ocrx_word' id='word_1_88' title='bbox 1121 1395 1362 1477; x_wconf 76' lang='grc' dir='ltr'><strong><em>παρακαλοῦσιν</em></strong></span> <span class='ocrx_word' id='word_1_89' title='bbox 1385 1383 1416 1451; x_wconf 82' lang='grc' dir='ltr'><strong><em>οἱ</em></strong></span> 
     </span>
     <span class='ocr_line' id='line_1_11' title="bbox 315 1488 1461 1593; baseline 0 -33"><span class='ocrx_word' id='word_1_90' title='bbox 315 1500 403 1581; x_wconf 79' lang='grc' dir='ltr'><strong><em>φιλοι</em></strong></span> <span class='ocrx_word' id='word_1_91' title='bbox 426 1496 528 1579; x_wconf 79' lang='grc' dir='ltr'><strong><em>λόγοις</em></strong></span> <span class='ocrx_word' id='word_1_92' title='bbox 558 1498 738 1582; x_wconf 77' lang='grc' dir='ltr'><strong><em>ἐπιταφίοις</em></strong></span> <span class='ocrx_word' id='word_1_93' title='bbox 772 1497 893 1581; x_wconf 82' lang='grc' dir='ltr'><strong><em>ἐκείνην</em></strong></span> <span class='ocrx_word' id='word_1_94' title='bbox 925 1496 1101 1579; x_wconf 77' lang='grc' dir='ltr'><strong><em>κοσμῆσαι,</em></strong></span> <span class='ocrx_word' id='word_1_95' title='bbox 1119 1498 1207 1593; x_wconf 70' lang='grc' dir='ltr'><strong><em>’ἐπεί</em></strong></span> <span class='ocrx_word' id='word_1_96' title='bbox 1238 1492 1293 1556; x_wconf 84' lang='grc' dir='ltr'><strong>καί</strong></span> <span class='ocrx_word' id='word_1_97' title='bbox 1315 1488 1413 1555; x_wconf 72' lang='grc' dir='ltr'><strong><em>πολλοὶ</em></strong></span> <span class='ocrx_word' id='word_1_98' title='bbox 1428 1506 1461 1559; x_wconf 78' lang='lat' dir='ltr'><strong>to</strong></span> 
     </span>
     <span class='ocr_line' id='line_1_12' title="bbox 315 1588 1418 1684; baseline -0.005 -24"><span class='ocrx_word' id='word_1_99' title='bbox 315 1600 488 1683; x_wconf 73' lang='grc' dir='ltr'><strong><em>προφανῶς</em></strong></span> <span class='ocrx_word' id='word_1_100' title='bbox 518 1600 580 1661; x_wconf 75' lang='lat' dir='ltr'><strong>tois</strong></span> <span class='ocrx_word' id='word_1_101' title='bbox 609 1601 653 1684; x_wconf 70' lang='grc' dir='ltr'><strong><em>τρῖ</em></strong></span> <span class='ocrx_word' id='word_1_102' title='bbox 680 1599 800 1682; x_wconf 82' lang='grc' dir='ltr'><strong><em>ἐκείνης</em></strong></span> <span class='ocrx_word' id='word_1_103' title='bbox 829 1598 1022 1679; x_wconf 80' lang='grc' dir='ltr'><strong><em>προσιόντων</em></strong></span> <span class='ocrx_word' id='word_1_104' title='bbox 1051 1597 1144 1684; x_wconf 83' lang='grc' dir='ltr'><strong><em>τόφηι</em></strong></span> <span class='ocrx_word' id='word_1_105' title='bbox 1172 1592 1338 1677; x_wconf 74' lang='grc' dir='ltr'><strong><em>νοσήματα</em></strong></span> <span class='ocrx_word' id='word_1_106' title='bbox 1361 1588 1418 1674; x_wconf 71' lang='grc' dir='ltr'><strong>τόν</strong></span> 
     </span>
     <span class='ocr_line' id='line_1_13' title="bbox 315 1690 1419 1782; baseline -0.006 -20"><span class='ocrx_word' id='word_1_107' title='bbox 315 1699 467 1782; x_wconf 83' lang='grc' dir='ltr'><strong><em>ταχίστην</em></strong></span> <span class='ocrx_word' id='word_1_108' title='bbox 485 1690 685 1779; x_wconf 85' lang='grc' dir='ltr'><strong><em>ἐλιιόνονται,</em></strong></span> <span class='ocrx_word' id='word_1_109' title='bbox 710 1701 765 1763; x_wconf 79' lang='grc' dir='ltr'><strong>τοῦ</strong></span> <span class='ocrx_word' id='word_1_110' title='bbox 786 1700 865 1763; x_wconf 77' lang='grc' dir='ltr'><strong><em>θεοῦ</em></strong></span> <span class='ocrx_word' id='word_1_111' title='bbox 887 1699 1061 1765; x_wconf 73' lang='grc' dir='ltr'><strong><em>κάντεῦθεν</em></strong></span> <span class='ocrx_word' id='word_1_112' title='bbox 1077 1700 1255 1779; x_wconf 74' lang='grc' dir='ltr'><strong><em>ἐλέγχοντος</em></strong></span> <span class='ocrx_word' id='word_1_113' title='bbox 1279 1692 1334 1777; x_wconf 82' lang='grc' dir='ltr'><strong><em>τη“ν</em></strong></span> <span class='ocrx_word' id='word_1_114' title='bbox 1355 1695 1419 1759; x_wconf 75' lang='grc' dir='ltr'><strong><em>τοῖν</em></strong></span> 
     </span>
    </p>

    <p class='ocr_par' dir='ltr' id='par_1_5' title="bbox 248 1790 1517 2799">
     <span class='ocr_line' id='line_1_14' title="bbox 248 1790 1419 1879; baseline -0.005 -16"><span class='ocrx_word' id='word_1_115' title='bbox 248 1815 304 1868; x_wconf 72' lang='lat' dir='ltr'>n</span> <span class='ocrx_word' id='word_1_116' title='bbox 316 1795 495 1863; x_wconf 76' lang='grc' dir='ltr'><strong><em>διωκόντων</em></strong></span> <span class='ocrx_word' id='word_1_117' title='bbox 526 1795 677 1863; x_wconf 85' lang='grc' dir='ltr'><strong><em>α’πόνοιαν</em></strong></span> <span class='ocrx_word' id='word_1_118' title='bbox 705 1797 761 1862; x_wconf 84' lang='grc' dir='ltr'><strong>καί</strong></span> <span class='ocrx_word' id='word_1_119' title='bbox 780 1800 945 1879; x_wconf 81' lang='grc' dir='ltr'><strong><em>α’σέβειαν.</em></strong></span> <span class='ocrx_word' id='word_1_120' title='bbox 990 1792 1086 1862; x_wconf 81' lang='grc' dir='ltr'><strong><em>οἶσθα</em></strong></span> <span class='ocrx_word' id='word_1_121' title='bbox 1120 1799 1155 1861; x_wconf 84' lang='grc' dir='ltr'><strong><em>δέ</em></strong></span> <span class='ocrx_word' id='word_1_122' title='bbox 1177 1801 1231 1862; x_wconf 83' lang='grc' dir='ltr'><strong>καί</strong></span> <span class='ocrx_word' id='word_1_123' title='bbox 1248 1790 1355 1870; x_wconf 72' lang='grc' dir='ltr'><strong><em>ἄλλους</em></strong></span> <span class='ocrx_word' id='word_1_124' title='bbox 1374 1791 1419 1867; x_wconf 74' lang='grc' dir='ltr'><strong><em>ὥς</em></strong></span> 
     </span>
     <span class='ocr_line' id='line_1_15' title="bbox 313 1894 1420 1988; baseline -0.005 -24"><span class='ocrx_word' id='word_1_125' title='bbox 313 1898 394 1981; x_wconf 71' lang='grc' dir='ltr'><strong><em>μετὰ</em></strong></span> <span class='ocrx_word' id='word_1_126' title='bbox 416 1898 532 1984; x_wconf 86' lang='grc' dir='ltr'><strong><em>χρόνον</em></strong></span> <span class='ocrx_word' id='word_1_127' title='bbox 551 1922 612 1963; x_wconf 85' lang='grc' dir='ltr'><strong><em>που</em></strong></span> <span class='ocrx_word' id='word_1_128' title='bbox 642 1894 859 1977; x_wconf 78' lang='grc' dir='ltr'><strong><em>ἐξκαιδέκατον</em></strong></span> <span class='ocrx_word' id='word_1_129' title='bbox 884 1904 927 1988; x_wconf 76' lang='grc' dir='ltr'><strong><em>τῷ</em></strong></span> <span class='ocrx_word' id='word_1_130' title='bbox 956 1898 1158 1981; x_wconf 78' lang='grc' dir='ltr'><strong><em>Ἀνδρονίκου</em></strong></span> <span class='ocrx_word' id='word_1_131' title='bbox 1181 1900 1240 1963; x_wconf 79' lang='grc' dir='ltr'><strong>τοῦ</strong></span> <span class='ocrx_word' id='word_1_132' title='bbox 1261 1898 1420 1978; x_wconf 80' lang='grc' dir='ltr'><strong><em>βασιλέως</em></strong></span> 
     </span>
     <span class='ocr_line' id='line_1_16' title="bbox 315 1996 1517 2090; baseline -0.006 -25"><span class='ocrx_word' id='word_1_133' title='bbox 315 1999 434 2065; x_wconf 72' lang='grc' dir='ltr'><strong><em>ἐκείνου</em></strong></span> <span class='ocrx_word' id='word_1_134' title='bbox 452 1997 513 2086; x_wconf 76' lang='grc' dir='ltr'><strong>υἱῷ</strong></span> <span class='ocrx_word' id='word_1_135' title='bbox 545 2002 721 2083; x_wconf 81' lang='grc' dir='ltr'><strong><em>σνζυγεῑοα</em></strong></span> <span class='ocrx_word' id='word_1_136' title='bbox 748 1999 828 2081; x_wconf 80' lang='grc' dir='ltr'><strong><em>μετὰ</em></strong></span> <span class='ocrx_word' id='word_1_137' title='bbox 849 2001 965 2082; x_wconf 76' lang='grc' dir='ltr'><strong><em>πολλῆς</em></strong></span> <span class='ocrx_word' id='word_1_138' title='bbox 981 2003 1049 2083; x_wconf 76' lang='grc' dir='ltr'><strong><em>’τῆς</em></strong></span> <span class='ocrx_word' id='word_1_139' title='bbox 1068 1998 1215 2090; x_wconf 80' lang='grc' dir='ltr'><strong><em>ου’κλείας</em></strong></span> <span class='ocrx_word' id='word_1_140' title='bbox 1244 2001 1297 2063; x_wconf 77' lang='grc' dir='ltr'><strong>καί</strong></span> <span class='ocrx_word' id='word_1_141' title='bbox 1317 1996 1419 2079; x_wconf 81' lang='grc' dir='ltr'><strong><em>δόξης,</em></strong></span> <span class='ocrx_word' id='word_1_142' title='bbox 1431 2008 1463 2065; x_wconf 80' lang='lat'><strong>15</strong></span> <span class='ocrx_word' id='word_1_143' title='bbox 1516 2010 1517 2031; x_wconf 66' lang='lat'>¹</span> 
     </span>
     <span class='ocr_line' id='line_1_17' title="bbox 314 2097 1420 2189; baseline -0.004 -25"><span class='ocrx_word' id='word_1_144' title='bbox 314 2105 369 2164; x_wconf 86' lang='grc' dir='ltr'><strong>καί</strong></span> <span class='ocrx_word' id='word_1_145' title='bbox 387 2100 480 2182; x_wconf 81' lang='grc' dir='ltr'><strong><em>μόλις</em></strong></span> <span class='ocrx_word' id='word_1_146' title='bbox 501 2124 565 2164; x_wconf 92' lang='grc' dir='ltr'><strong><em>που</em></strong></span> <span class='ocrx_word' id='word_1_147' title='bbox 587 2098 646 2165; x_wconf 74' lang='lat' dir='ltr'><strong>oio</strong></span> <span class='ocrx_word' id='word_1_148' title='bbox 680 2097 798 2182; x_wconf 84' lang='grc' dir='ltr'><strong><em>μόνους</em></strong></span> <span class='ocrx_word' id='word_1_149' title='bbox 820 2102 985 2176; x_wconf 76' lang='grc' dir='ltr'><strong><em>ἐνιαυτούς</em></strong></span> <span class='ocrx_word' id='word_1_150' title='bbox 1014 2104 1120 2189; x_wconf 82' lang='grc' dir='ltr'><strong><em>ἐκείνην</em></strong></span> <span class='ocrx_word' id='word_1_151' title='bbox 1153 2100 1212 2165; x_wconf 76' lang='grc' dir='ltr'><strong>τοῦ</strong></span> <span class='ocrx_word' id='word_1_152' title='bbox 1233 2100 1420 2180; x_wconf 78' lang='grc' dir='ltr'><strong><em>βίουουνα·</em></strong></span> 
     </span>
     <span class='ocr_line' id='line_1_18' title="bbox 315 2195 1419 2290; baseline -0.004 -25"><span class='ocrx_word' id='word_1_153' title='bbox 315 2207 537 2283; x_wconf 84' lang='grc' dir='ltr'><strong><em>πολελαυτυῑα,</em></strong></span> <span class='ocrx_word' id='word_1_154' title='bbox 556 2204 688 2290; x_wconf 63' lang='lat' dir='ltr'><strong>&amp;ardep</strong></span> <span class='ocrx_word' id='word_1_155' title='bbox 703 2226 734 2268; x_wconf 77' lang='lat' dir='ltr'><strong>rs</strong></span> <span class='ocrx_word' id='word_1_156' title='bbox 747 2206 858 2267; x_wconf 77' lang='grc' dir='ltr'><strong><em>τοῦτον</em></strong></span> <span class='ocrx_word' id='word_1_157' title='bbox 882 2202 985 2277; x_wconf 63' lang='lat' dir='ltr'><strong>stola</strong></span> <span class='ocrx_word' id='word_1_158' title='bbox 999 2204 1173 2287; x_wconf 84' lang='grc' dir='ltr'><strong><em>ἐζημίαται</em></strong></span> <span class='ocrx_word' id='word_1_159' title='bbox 1195 2201 1249 2272; x_wconf 79' lang='grc' dir='ltr'><strong>καί</strong></span> <span class='ocrx_word' id='word_1_160' title='bbox 1268 2195 1335 2281; x_wconf 79' lang='grc' dir='ltr'><strong>όμα</strong></span> <span class='ocrx_word' id='word_1_161' title='bbox 1348 2222 1419 2280; x_wconf 83' lang='grc' dir='ltr'><strong><em>τρι-</em></strong></span> 
     </span>
     <span class='ocr_line' id='line_1_19' title="bbox 314 2296 1419 2385; baseline -0.003 -19"><span class='ocrx_word' id='word_1_162' title='bbox 314 2298 430 2385; x_wconf 79' lang='grc' dir='ltr'><strong><em>βιόνιον</em></strong></span> <span class='ocrx_word' id='word_1_163' title='bbox 462 2302 610 2367; x_wconf 68' lang='grc' dir='ltr'><strong><em>ὑποδῦσα</em></strong></span> <span class='ocrx_word' id='word_1_164' title='bbox 637 2300 696 2368; x_wconf 88' lang='grc' dir='ltr'><strong>τόν</strong></span> <span class='ocrx_word' id='word_1_165' title='bbox 725 2298 856 2367; x_wconf 77' lang='grc' dir='ltr'><strong><em>ἅπαντα</em></strong></span> <span class='ocrx_word' id='word_1_166' title='bbox 887 2306 1021 2367; x_wconf 82' lang='grc' dir='ltr'><strong><em>πλοῦτον</em></strong></span> <span class='ocrx_word' id='word_1_167' title='bbox 1043 2305 1177 2384; x_wconf 77' lang='grc' dir='ltr'><strong><em>διένειμε</em></strong></span> <span class='ocrx_word' id='word_1_168' title='bbox 1200 2296 1419 2383; x_wconf 81' lang='grc' dir='ltr'><strong><em>αἰχμαλοότοις</em></strong></span> 
     </span>
     <span class='ocr_line' id='line_1_20' title="bbox 316 2397 1418 2489; baseline -0.002 -23"><span class='ocrx_word' id='word_1_169' title='bbox 316 2404 372 2467; x_wconf 89' lang='grc' dir='ltr'><strong>καί</strong></span> <span class='ocrx_word' id='word_1_170' title='bbox 393 2406 522 2487; x_wconf 83' lang='grc' dir='ltr'><strong><em>πένησιν</em></strong></span> <span class='ocrx_word' id='word_1_171' title='bbox 542 2398 668 2484; x_wconf 78' lang='grc' dir='ltr'><strong><em>ἄλλοις,</em></strong></span> <span class='ocrx_word' id='word_1_172' title='bbox 691 2397 810 2488; x_wconf 74' lang='grc' dir='ltr'><strong><em>πληνῆ</em></strong></span> <span class='ocrx_word' id='word_1_173' title='bbox 831 2399 905 2471; x_wconf 87' lang='grc' dir='ltr'><strong><em>όσον</em></strong></span> <span class='ocrx_word' id='word_1_174' title='bbox 926 2407 971 2481; x_wconf 85' lang='grc' dir='ltr'><strong>τίς</strong></span> <span class='ocrx_word' id='word_1_175' title='bbox 996 2402 1052 2489; x_wconf 69' lang='grc' dir='ltr'><strong>τόν</strong></span> <span class='ocrx_word' id='word_1_176' title='bbox 1074 2407 1233 2488; x_wconf 74' lang='grc' dir='ltr'><strong><em>πολυτελῆ</em></strong></span> <span class='ocrx_word' id='word_1_177' title='bbox 1251 2404 1306 2468; x_wconf 82' lang='grc' dir='ltr'><strong>τοῦ</strong></span> <span class='ocrx_word' id='word_1_178' title='bbox 1328 2406 1418 2465; x_wconf 81' lang='grc' dir='ltr'><strong><em>θείου</em></strong></span> 
     </span>
     <span class='ocr_line' id='line_1_21' title="bbox 318 2500 1465 2590; baseline 0.004 -24"><span class='ocrx_word' id='word_1_179' title='bbox 318 2506 561 2589; x_wconf 84' lang='grc' dir='ltr'><strong><em>φροντιοτηρίου</em></strong></span> <span class='ocrx_word' id='word_1_180' title='bbox 592 2503 794 2590; x_wconf 74' lang='grc' dir='ltr'><strong><em>κατασκευὴν</em></strong></span> <span class='ocrx_word' id='word_1_181' title='bbox 827 2503 947 2572; x_wconf 82' lang='grc' dir='ltr'><strong><em>ἐκείνου</em></strong></span> <span class='ocrx_word' id='word_1_182' title='bbox 978 2510 1169 2588; x_wconf 74' lang='grc' dir='ltr'><strong><em>κενότατον,</em></strong></span> <span class='ocrx_word' id='word_1_183' title='bbox 1190 2500 1207 2569; x_wconf 83' lang='grc' dir='ltr'><strong><em>ό</em></strong></span> <span class='ocrx_word' id='word_1_184' title='bbox 1232 2501 1465 2588; x_wconf 76' lang='grc' dir='ltr'><strong><em>περιβόητονλλ)</em></strong></span> 
     </span>
     <span class='ocr_line' id='line_1_22' title="bbox 316 2602 1419 2692; baseline -0.001 -25"><span class='ocrx_word' id='word_1_185' title='bbox 316 2606 438 2685; x_wconf 75' lang='grc' dir='ltr'><strong><em>μᾶλλον</em></strong></span> <span class='ocrx_word' id='word_1_186' title='bbox 466 2607 511 2680; x_wconf 82' lang='grc' dir='ltr'><strong>τίς</strong></span> <span class='ocrx_word' id='word_1_187' title='bbox 531 2605 651 2690; x_wconf 77' lang='grc' dir='ltr'><strong><em>όρττην</em></strong></span> <span class='ocrx_word' id='word_1_188' title='bbox 672 2602 929 2692; x_wconf 70' lang='grc' dir='ltr'><strong><em>καττυτὴσοτονῖ</em></strong></span> <span class='ocrx_word' id='word_1_189' title='bbox 958 2606 1035 2691; x_wconf 85' lang='grc' dir='ltr'><strong><em>πρός</em></strong></span> <span class='ocrx_word' id='word_1_190' title='bbox 1064 2607 1271 2691; x_wconf 70' lang='grc' dir='ltr'><strong><em>κατασκευήν.</em></strong></span> <span class='ocrx_word' id='word_1_191' title='bbox 1316 2606 1419 2685; x_wconf 77' lang='grc' dir='ltr'><strong><em>δαψι-</em></strong></span> 
     </span>
     <span class='ocr_line' id='line_1_23' title="bbox 318 2706 1419 2799; baseline 0 -29"><span class='ocrx_word' id='word_1_192' title='bbox 318 2707 386 2770; x_wconf 88' lang='grc' dir='ltr'><strong>λέσι</strong></span> <span class='ocrx_word' id='word_1_193' title='bbox 406 2709 466 2785; x_wconf 85' lang='grc' dir='ltr'><strong><em>μὲν</em></strong></span> <span class='ocrx_word' id='word_1_194' title='bbox 487 2706 549 2789; x_wconf 72' lang='grc' dir='ltr'><strong>γὰρ</strong></span> <span class='ocrx_word' id='word_1_195' title='bbox 573 2709 628 2770; x_wconf 88' lang='grc' dir='ltr'><strong>καί</strong></span> <span class='ocrx_word' id='word_1_196' title='bbox 647 2712 831 2774; x_wconf 81' lang='grc' dir='ltr'><strong><em>πολυτελέσι</em></strong></span> <span class='ocrx_word' id='word_1_197' title='bbox 853 2708 1011 2785; x_wconf 77' lang='grc' dir='ltr'><strong><em>δαπάναις</em></strong></span> <span class='ocrx_word' id='word_1_198' title='bbox 1031 2707 1267 2799; x_wconf 71' lang='grc' dir='ltr'><strong><em>ιμ’κιδομηοιιτο,</em></strong></span> <span class='ocrx_word' id='word_1_199' title='bbox 1293 2711 1419 2782; x_wconf 85' lang='grc' dir='ltr'><strong><em>πλείους</em></strong></span> 
     </span>
    </p>

    <p class='ocr_par' dir='ltr' id='par_1_6' title="bbox 261 2802 1421 2998">
     <span class='ocr_line' id='line_1_24' title="bbox 261 2802 1419 2896; baseline 0.001 -26"><span class='ocrx_word' id='word_1_200' title='bbox 261 2815 266 2820; x_wconf 83' lang='grc'><strong>“</strong></span> <span class='ocrx_word' id='word_1_201' title='bbox 318 2808 355 2870; x_wconf 81' lang='grc' dir='ltr'><strong><em>δέ</em></strong></span> <span class='ocrx_word' id='word_1_202' title='bbox 368 2809 428 2871; x_wconf 71' lang='lat' dir='ltr'><strong>teir</strong></span> <span class='ocrx_word' id='word_1_203' title='bbox 439 2802 764 2890; x_wconf 77' lang='grc' dir='ltr'><strong><em>ἐκυτόνμοναζοόους</em></strong></span> <span class='ocrx_word' id='word_1_204' title='bbox 776 2817 845 2875; x_wconf 84' lang='grc' dir='ltr'><strong><em>κατ’</em></strong></span> <span class='ocrx_word' id='word_1_205' title='bbox 863 2808 992 2896; x_wconf 74' lang='grc' dir='ltr'><strong><em>ἐκλομην</em></strong></span> <span class='ocrx_word' id='word_1_206' title='bbox 1005 2814 1212 2876; x_wconf 76' lang='grc' dir='ltr'><strong><em>ἐκπονεῖσθαι</em></strong></span> <span class='ocrx_word' id='word_1_207' title='bbox 1221 2807 1419 2894; x_wconf 71' lang='grc' dir='ltr'><strong><em>συνήθροισε</em></strong></span> 
     </span>
     <span class='ocr_line' id='line_1_25' title="bbox 318 2907 1421 2998; baseline 0.002 -28"><span class='ocrx_word' id='word_1_208' title='bbox 318 2907 422 2997; x_wconf 76' lang='grc' dir='ltr'><strong><em>τοτ’τηι</em></strong></span> <span class='ocrx_word' id='word_1_209' title='bbox 441 2913 574 2993; x_wconf 70' lang='grc' dir='ltr'><strong><em>σεμνός.</em></strong></span> <span class='ocrx_word' id='word_1_210' title='bbox 625 2910 696 2977; x_wconf 70' lang='lat' dir='ltr'><strong>e&#39;tt&#39;</strong></span> <span class='ocrx_word' id='word_1_211' title='bbox 722 2911 835 2990; x_wconf 77' lang='grc' dir='ltr'><strong><em>αόταῑς</em></strong></span> <span class='ocrx_word' id='word_1_212' title='bbox 869 2913 925 2980; x_wconf 87' lang='grc' dir='ltr'><strong>καί</strong></span> <span class='ocrx_word' id='word_1_213' title='bbox 950 2910 1030 2998; x_wconf 78' lang='grc' dir='ltr'><strong><em>αιίτη</em></strong></span> <span class='ocrx_word' id='word_1_214' title='bbox 1059 2908 1290 2998; x_wconf 74' lang='grc' dir='ltr'><strong><em>ουνδιηκονείτό</em></strong></span> <span class='ocrx_word' id='word_1_215' title='bbox 1309 2931 1343 2976; x_wconf 84' lang='grc' dir='ltr'><strong><em>τε</em></strong></span> <span class='ocrx_word' id='word_1_216' title='bbox 1364 2911 1421 2972; x_wconf 81' lang='grc' dir='ltr'><strong>καί</strong></span> 
     </span>
    </p>
   </div>
   <div class='ocr_carea' id='block_1_3' title="bbox 214 3201 1428 4420">
    <p class='ocr_par' dir='ltr' id='par_1_7' title="bbox 214 3201 1428 4420">
     <span class='ocr_line' id='line_1_26' title="bbox 319 3201 1418 3274; baseline 0.001 -22"><span class='ocrx_word' id='word_1_217' title='bbox 319 3204 423 3252; x_wconf 84' lang='lat' dir='ltr'><strong>tuorum</strong></span> <span class='ocrx_word' id='word_1_218' title='bbox 442 3201 543 3256; x_wconf 89' lang='lat' dir='ltr'><strong>iussum</strong></span> <span class='ocrx_word' id='word_1_219' title='bbox 564 3203 704 3272; x_wconf 78' lang='lat' dir='ltr'><strong>exsequat.</strong></span> <span class='ocrx_word' id='word_1_220' title='bbox 742 3202 859 3274; x_wconf 80' lang='lat' dir='ltr'><strong>Eulogia</strong></span> <span class='ocrx_word' id='word_1_221' title='bbox 879 3206 970 3270; x_wconf 87' lang='lat' dir='ltr'><strong>enim,</strong></span> <span class='ocrx_word' id='word_1_222' title='bbox 991 3221 1059 3274; x_wconf 87' lang='lat' dir='ltr'><strong>quac</strong></span> <span class='ocrx_word' id='word_1_223' title='bbox 1078 3212 1142 3258; x_wconf 89' lang='lat' dir='ltr'><strong>tunc</strong></span> <span class='ocrx_word' id='word_1_224' title='bbox 1162 3210 1218 3256; x_wconf 90' lang='lat' dir='ltr'><strong>erat</strong></span> <span class='ocrx_word' id='word_1_225' title='bbox 1234 3201 1330 3270; x_wconf 76' lang='lat' dir='ltr'><strong>regina</strong></span> <span class='ocrx_word' id='word_1_226' title='bbox 1349 3217 1418 3270; x_wconf 83' lang='lat' dir='ltr'><strong>cog·</strong></span> 
     </span>
     <span class='ocr_line' id='line_1_27' title="bbox 319 3275 1421 3344; baseline 0.002 -22"><span class='ocrx_word' id='word_1_227' title='bbox 319 3287 470 3342; x_wconf 83' lang='lat' dir='ltr'>nomenque</span> <span class='ocrx_word' id='word_1_228' title='bbox 495 3275 592 3326; x_wconf 88' lang='lat' dir='ltr'><strong>iustum</strong></span> <span class='ocrx_word' id='word_1_229' title='bbox 625 3277 680 3328; x_wconf 81' lang='lat' dir='ltr'><strong>vita</strong></span> <span class='ocrx_word' id='word_1_230' title='bbox 707 3282 734 3326; x_wconf 90' lang='lat' dir='ltr'><strong>et</strong></span> <span class='ocrx_word' id='word_1_231' title='bbox 752 3276 842 3328; x_wconf 82' lang='lat' dir='ltr'><strong>verbis</strong></span> <span class='ocrx_word' id='word_1_232' title='bbox 863 3286 890 3330; x_wconf 89' lang='lat' dir='ltr'><strong>et</strong></span> <span class='ocrx_word' id='word_1_233' title='bbox 916 3277 993 3329; x_wconf 86' lang='lat' dir='ltr'><strong>lactis</strong></span> <span class='ocrx_word' id='word_1_234' title='bbox 1019 3286 1096 3328; x_wconf 89' lang='lat' dir='ltr'><strong>nacta</strong></span> <span class='ocrx_word' id='word_1_235' title='bbox 1118 3283 1192 3340; x_wconf 85' lang='lat' dir='ltr'><strong>erut,</strong></span> <span class='ocrx_word' id='word_1_236' title='bbox 1213 3291 1292 3344; x_wconf 83' lang='lat' dir='ltr'><strong>quum</strong></span> <span class='ocrx_word' id='word_1_237' title='bbox 1311 3282 1421 3342; x_wconf 89' lang='lat' dir='ltr'><strong>propter</strong></span> 
     </span>
     <span class='ocr_line' id='line_1_28' title="bbox 214 3344 1420 3416; baseline -0.002 -20"><span class='ocrx_word' id='word_1_238' title='bbox 214 3402 220 3414; x_wconf 40' lang='lat'>¹</span> <span class='ocrx_word' id='word_1_239' title='bbox 320 3344 564 3398; x_wconf 78' lang='lat' dir='ltr'><strong>divina-ecclesiae</strong></span> <span class='ocrx_word' id='word_1_240' title='bbox 583 3354 727 3414; x_wconf 90' lang='lat' dir='ltr'><strong>praecepta</strong></span> <span class='ocrx_word' id='word_1_241' title='bbox 751 3347 915 3400; x_wconf 78' lang='lat' dir='ltr'><strong>calamitates</strong></span> <span class='ocrx_word' id='word_1_242' title='bbox 934 3349 1029 3400; x_wconf 88' lang='lat' dir='ltr'><strong>multas</strong></span> <span class='ocrx_word' id='word_1_243' title='bbox 1058 3356 1083 3400; x_wconf 93' lang='lat' dir='ltr'><strong>et</strong></span> <span class='ocrx_word' id='word_1_244' title='bbox 1111 3347 1314 3416; x_wconf 77' lang='lat' dir='ltr'><strong>persecutiones</strong></span> <span class='ocrx_word' id='word_1_245' title='bbox 1333 3346 1420 3397; x_wconf 88' lang='lat' dir='ltr'><strong>varias</strong></span> 
     </span>
     <span class='ocr_line' id='line_1_29' title="bbox 319 3414 1420 3486; baseline 0.001 -21"><span class='ocrx_word' id='word_1_246' title='bbox 319 3414 514 3485; x_wconf 80' lang='lat' dir='ltr'><strong>infortuniique</strong></span> <span class='ocrx_word' id='word_1_247' title='bbox 533 3420 646 3485; x_wconf 89' lang='lat' dir='ltr'><strong>impetus</strong></span> <span class='ocrx_word' id='word_1_248' title='bbox 666 3418 793 3470; x_wconf 83' lang='lat' dir='ltr'><strong>subiisset</strong></span> <span class='ocrx_word' id='word_1_249' title='bbox 813 3427 839 3470; x_wconf 91' lang='lat' dir='ltr'><strong>et</strong></span> <span class='ocrx_word' id='word_1_250' title='bbox 857 3421 884 3470; x_wconf 90' lang='lat' dir='ltr'><strong>iu</strong></span> <span class='ocrx_word' id='word_1_251' title='bbox 906 3429 1046 3472; x_wconf 84' lang='lat' dir='ltr'><strong>senectute</strong></span> <span class='ocrx_word' id='word_1_252' title='bbox 1065 3427 1171 3486; x_wconf 83' lang='lat' dir='ltr'><strong>praeter</strong></span> <span class='ocrx_word' id='word_1_253' title='bbox 1201 3418 1255 3472; x_wconf 88' lang='lat' dir='ltr'><strong>alia</strong></span> <span class='ocrx_word' id='word_1_254' title='bbox 1276 3419 1303 3468; x_wconf 94' lang='lat' dir='ltr'><strong>in</strong></span> <span class='ocrx_word' id='word_1_255' title='bbox 1322 3415 1420 3467; x_wconf 89' lang='lat' dir='ltr'><strong>multos</strong></span> 
     </span>
     <span class='ocr_line' id='line_1_30' title="bbox 320 3486 1421 3558; baseline 0 -21"><span class='ocrx_word' id='word_1_256' title='bbox 320 3486 460 3539; x_wconf 85' lang='lat' dir='ltr'><strong>incidisset</strong></span> <span class='ocrx_word' id='word_1_257' title='bbox 477 3489 599 3553; x_wconf 87' lang='lat' dir='ltr'><strong>morbos,</strong></span> <span class='ocrx_word' id='word_1_258' title='bbox 620 3492 657 3540; x_wconf 90' lang='lat' dir='ltr'><strong>ita</strong></span> <span class='ocrx_word' id='word_1_259' title='bbox 674 3491 756 3557; x_wconf 85' lang='lat' dir='ltr'><strong>igitur</strong></span> <span class='ocrx_word' id='word_1_260' title='bbox 776 3497 803 3540; x_wconf 91' lang='lat' dir='ltr'><strong>et</strong></span> <span class='ocrx_word' id='word_1_261' title='bbox 827 3491 904 3542; x_wconf 87' lang='lat' dir='ltr'><strong>brevi</strong></span> <span class='ocrx_word' id='word_1_262' title='bbox 929 3501 1048 3558; x_wconf 86' lang='lat' dir='ltr'><strong>tempore</strong></span> <span class='ocrx_word' id='word_1_263' title='bbox 1071 3507 1185 3558; x_wconf 86' lang='lat' dir='ltr'><strong>corpore</strong></span> <span class='ocrx_word' id='word_1_264' title='bbox 1207 3491 1264 3540; x_wconf 89' lang='lat' dir='ltr'><strong>eius</strong></span> <span class='ocrx_word' id='word_1_265' title='bbox 1284 3495 1421 3541; x_wconf 89' lang='lat' dir='ltr'><strong>consumto</strong></span> 
     </span>
     <span class='ocr_line' id='line_1_31' title="bbox 321 3558 1422 3630; baseline -0.001 -21"><span class='ocrx_word' id='word_1_266' title='bbox 321 3558 353 3609; x_wconf 87' lang='lat' dir='ltr'><strong>ad</strong></span> <span class='ocrx_word' id='word_1_267' title='bbox 372 3560 558 3626; x_wconf 83' lang='lat' dir='ltr'><strong>sempiternam</strong></span> <span class='ocrx_word' id='word_1_268' title='bbox 580 3560 653 3612; x_wconf 88' lang='lat' dir='ltr'><strong>illam</strong></span> <span class='ocrx_word' id='word_1_269' title='bbox 673 3570 700 3612; x_wconf 92' lang='lat' dir='ltr'><strong>et</strong></span> <span class='ocrx_word' id='word_1_270' title='bbox 719 3562 822 3613; x_wconf 79' lang='lat' dir='ltr'><strong>beatam</strong></span> <span class='ocrx_word' id='word_1_271' title='bbox 852 3564 933 3614; x_wconf 85' lang='lat' dir='ltr'><strong>vitam</strong></span> <span class='ocrx_word' id='word_1_272' title='bbox 951 3565 1106 3615; x_wconf 84' lang='lat' dir='ltr'><strong>assurrexit.</strong></span> <span class='ocrx_word' id='word_1_273' title='bbox 1153 3578 1223 3614; x_wconf 88' lang='lat' dir='ltr'><strong>nunc</strong></span> <span class='ocrx_word' id='word_1_274' title='bbox 1242 3562 1324 3630; x_wconf 83' lang='lat' dir='ltr'><strong>igitur</strong></span> <span class='ocrx_word' id='word_1_275' title='bbox 1343 3559 1422 3611; x_wconf 89' lang='lat' dir='ltr'><strong>amici</strong></span> 
     </span>
     <span class='ocr_line' id='line_1_32' title="bbox 321 3631 1421 3702; baseline 0 -21"><span class='ocrx_word' id='word_1_276' title='bbox 321 3636 349 3681; x_wconf 86' lang='lat' dir='ltr'><strong>ts</strong></span> <span class='ocrx_word' id='word_1_277' title='bbox 367 3631 504 3697; x_wconf 86' lang='lat' dir='ltr'><strong>invocant,</strong></span> <span class='ocrx_word' id='word_1_278' title='bbox 526 3640 555 3682; x_wconf 89' lang='lat' dir='ltr'><strong>ut</strong></span> <span class='ocrx_word' id='word_1_279' title='bbox 574 3632 716 3698; x_wconf 89' lang='lat' dir='ltr'><strong>epitaphiis</strong></span> <span class='ocrx_word' id='word_1_280' title='bbox 735 3633 784 3684; x_wconf 92' lang='lat' dir='ltr'><strong>illa</strong></span> <span class='ocrx_word' id='word_1_281' title='bbox 805 3641 924 3686; x_wconf 88' lang='lat' dir='ltr'><strong>ornetur.</strong></span> <span class='ocrx_word' id='word_1_282' title='bbox 969 3651 1047 3702; x_wconf 91' lang='lat' dir='ltr'><strong>quum</strong></span> <span class='ocrx_word' id='word_1_283' title='bbox 1076 3642 1103 3686; x_wconf 93' lang='lat' dir='ltr'><strong>et</strong></span> <span class='ocrx_word' id='word_1_284' title='bbox 1121 3634 1197 3685; x_wconf 88' lang='lat' dir='ltr'><strong>multi</strong></span> <span class='ocrx_word' id='word_1_285' title='bbox 1214 3633 1299 3684; x_wconf 86' lang='lat' dir='ltr'><strong>morbi</strong></span> <span class='ocrx_word' id='word_1_286' title='bbox 1320 3645 1421 3694; x_wconf 89' lang='lat' dir='ltr'><strong>eorum,</strong></span> 
     </span>
     <span class='ocr_line' id='line_1_33' title="bbox 322 3699 1422 3774; baseline -0.001 -22"><span class='ocrx_word' id='word_1_287' title='bbox 322 3702 367 3770; x_wconf 91' lang='lat' dir='ltr'><strong>qui</strong></span> <span class='ocrx_word' id='word_1_288' title='bbox 388 3704 445 3754; x_wconf 88' lang='lat' dir='ltr'><strong>eius</strong></span> <span class='ocrx_word' id='word_1_289' title='bbox 464 3699 592 3756; x_wconf 79' lang='lat' dir='ltr'><strong>tumulum</strong></span> <span class='ocrx_word' id='word_1_290' title='bbox 612 3705 824 3772; x_wconf 85' lang='lat' dir='ltr'><strong>visitantaperte</strong></span> <span class='ocrx_word' id='word_1_291' title='bbox 844 3704 1038 3774; x_wconf 82' lang='lat' dir='ltr'><strong>celerrimeque</strong></span> <span class='ocrx_word' id='word_1_292' title='bbox 1058 3705 1255 3774; x_wconf 85' lang='lat' dir='ltr'><strong>propulsantur.</strong></span> <span class='ocrx_word' id='word_1_293' title='bbox 1280 3704 1332 3756; x_wconf 90' lang='lat' dir='ltr'><strong>hoc</strong></span> <span class='ocrx_word' id='word_1_294' title='bbox 1352 3702 1422 3754; x_wconf 91' lang='lat' dir='ltr'><strong>enim</strong></span> 
     </span>
     <span class='ocr_line' id='line_1_34' title="bbox 322 3773 1423 3845; baseline 0 -22"><span class='ocrx_word' id='word_1_295' title='bbox 322 3773 400 3824; x_wconf 88' lang='lat' dir='ltr'><strong>modo</strong></span> <span class='ocrx_word' id='word_1_296' title='bbox 420 3775 485 3824; x_wconf 89' lang='lat' dir='ltr'><strong>deus</strong></span> <span class='ocrx_word' id='word_1_297' title='bbox 504 3775 636 3841; x_wconf 89' lang='lat' dir='ltr'><strong>improbat</strong></span> <span class='ocrx_word' id='word_1_298' title='bbox 654 3776 845 3828; x_wconf 80' lang='lat' dir='ltr'><strong>insectatorem</strong></span> <span class='ocrx_word' id='word_1_299' title='bbox 859 3778 988 3829; x_wconf 88' lang='lat' dir='ltr'><strong>insaniam</strong></span> <span class='ocrx_word' id='word_1_300' title='bbox 1008 3786 1035 3828; x_wconf 92' lang='lat' dir='ltr'><strong>et</strong></span> <span class='ocrx_word' id='word_1_301' title='bbox 1053 3777 1258 3845; x_wconf 85' lang='lat' dir='ltr'><strong>improbitatem.</strong></span> <span class='ocrx_word' id='word_1_302' title='bbox 1279 3776 1331 3828; x_wconf 84' lang='lat' dir='ltr'><strong>scis</strong></span> <span class='ocrx_word' id='word_1_303' title='bbox 1352 3774 1423 3825; x_wconf 87' lang='lat' dir='ltr'><strong>cuim</strong></span> 
     </span>
     <span class='ocr_line' id='line_1_35' title="bbox 323 3841 1423 3915; baseline -0.001 -20"><span class='ocrx_word' id='word_1_304' title='bbox 323 3841 414 3914; x_wconf 86' lang='lat' dir='ltr'><strong>plane,</strong></span> <span class='ocrx_word' id='word_1_305' title='bbox 434 3860 510 3910; x_wconf 90' lang='lat' dir='ltr'><strong>quam</strong></span> <span class='ocrx_word' id='word_1_306' title='bbox 532 3845 645 3913; x_wconf 82' lang='lat' dir='ltr'><strong>gloriam</strong></span> <span class='ocrx_word' id='word_1_307' title='bbox 665 3856 692 3898; x_wconf 89' lang='lat' dir='ltr'><strong>et</strong></span> <span class='ocrx_word' id='word_1_308' title='bbox 709 3850 824 3898; x_wconf 90' lang='lat' dir='ltr'><strong>nominis</strong></span> <span class='ocrx_word' id='word_1_309' title='bbox 844 3851 885 3899; x_wconf 90' lang='lat' dir='ltr'><strong>sui</strong></span> <span class='ocrx_word' id='word_1_310' title='bbox 905 3849 999 3900; x_wconf 91' lang='lat' dir='ltr'><strong>lamam</strong></span> <span class='ocrx_word' id='word_1_311' title='bbox 1019 3849 1165 3902; x_wconf 78' lang='lat' dir='ltr'><strong>Andronici</strong></span> <span class='ocrx_word' id='word_1_312' title='bbox 1191 3849 1265 3915; x_wconf 83' lang='lat' dir='ltr'><strong>regis</strong></span> <span class='ocrx_word' id='word_1_313' title='bbox 1285 3847 1335 3899; x_wconf 88' lang='lat' dir='ltr'><strong>filii</strong></span> <span class='ocrx_word' id='word_1_314' title='bbox 1354 3859 1423 3896; x_wconf 70' lang='lat' dir='ltr'><strong>uxor</strong></span> 
     </span>
     <span class='ocr_line' id='line_1_36' title="bbox 322 3916 1423 3987; baseline 0.002 -23"><span class='ocrx_word' id='word_1_315' title='bbox 322 3922 444 3965; x_wconf 87' lang='lat' dir='ltr'><strong>assecuta</strong></span> <span class='ocrx_word' id='word_1_316' title='bbox 469 3916 505 3966; x_wconf 95' lang='lat' dir='ltr'><strong>sit</strong></span> <span class='ocrx_word' id='word_1_317' title='bbox 534 3925 561 3968; x_wconf 89' lang='lat' dir='ltr'><strong>et</strong></span> <span class='ocrx_word' id='word_1_318' title='bbox 580 3920 626 3969; x_wconf 87' lang='lat' dir='ltr'><strong>vix</strong></span> <span class='ocrx_word' id='word_1_319' title='bbox 651 3918 716 3970; x_wconf 87' lang='lat' dir='ltr'><strong>duos</strong></span> <span class='ocrx_word' id='word_1_320' title='bbox 741 3919 864 3987; x_wconf 87' lang='lat' dir='ltr'><strong>singulos</strong></span> <span class='ocrx_word' id='word_1_321' title='bbox 891 3935 974 3971; x_wconf 89' lang='lat' dir='ltr'><strong>annos</strong></span> <span class='ocrx_word' id='word_1_322' title='bbox 1002 3936 1060 3972; x_wconf 91' lang='lat' dir='ltr'><strong>cum</strong></span> <span class='ocrx_word' id='word_1_323' title='bbox 1087 3935 1119 3972; x_wconf 93' lang='lat' dir='ltr'><strong>eo</strong></span> <span class='ocrx_word' id='word_1_324' title='bbox 1151 3921 1206 3972; x_wconf 88' lang='lat' dir='ltr'><strong>vita</strong></span> <span class='ocrx_word' id='word_1_325' title='bbox 1228 3919 1317 3983; x_wconf 83' lang='lat' dir='ltr'><strong>fruita,</strong></span> <span class='ocrx_word' id='word_1_326' title='bbox 1336 3924 1423 3968; x_wconf 87' lang='lat' dir='ltr'><strong>morte</strong></span> 
     </span>
     <span class='ocr_line' id='line_1_37' title="bbox 322 3985 1424 4050; baseline 0.002 -16"><span class='ocrx_word' id='word_1_327' title='bbox 322 3985 415 4050; x_wconf 88' lang='lat' dir='ltr'><strong>punita</strong></span> <span class='ocrx_word' id='word_1_328' title='bbox 436 3986 471 4036; x_wconf 90' lang='lat' dir='ltr'><strong>sit</strong></span> <span class='ocrx_word' id='word_1_329' title='bbox 490 3994 517 4037; x_wconf 88' lang='lat' dir='ltr'><strong>et</strong></span> <span class='ocrx_word' id='word_1_330' title='bbox 533 3989 693 4041; x_wconf 83' lang='lat' dir='ltr'><strong>vestimento</strong></span> <span class='ocrx_word' id='word_1_331' title='bbox 713 3993 828 4042; x_wconf 89' lang='lat' dir='ltr'><strong>contrito</strong></span> <span class='ocrx_word' id='word_1_332' title='bbox 855 3992 946 4043; x_wconf 88' lang='lat' dir='ltr'><strong>induta</strong></span> <span class='ocrx_word' id='word_1_333' title='bbox 964 4005 1056 4044; x_wconf 91' lang='lat' dir='ltr'><strong>omnes</strong></span> <span class='ocrx_word' id='word_1_334' title='bbox 1086 3992 1193 4044; x_wconf 87' lang='lat' dir='ltr'><strong>divitias</strong></span> <span class='ocrx_word' id='word_1_335' title='bbox 1213 3991 1339 4042; x_wconf 87' lang='lat' dir='ltr'><strong>tribuerit</strong></span> <span class='ocrx_word' id='word_1_336' title='bbox 1356 3986 1424 4039; x_wconf 90' lang='lat' dir='ltr'><strong>belli</strong></span> 
     </span>
     <span class='ocr_line' id='line_1_38' title="bbox 322 4055 1424 4131; baseline 0.005 -26"><span class='ocrx_word' id='word_1_337' title='bbox 322 4056 406 4122; x_wconf 87' lang='lat' dir='ltr'><strong>captis</strong></span> <span class='ocrx_word' id='word_1_338' title='bbox 426 4055 540 4125; x_wconf 84' lang='lat' dir='ltr'><strong>aliisque</strong></span> <span class='ocrx_word' id='word_1_339' title='bbox 559 4059 737 4126; x_wconf 79' lang='lat' dir='ltr'><strong>pauperibus3</strong></span> <span class='ocrx_word' id='word_1_340' title='bbox 756 4071 864 4127; x_wconf 88' lang='lat' dir='ltr'><strong>praeter</strong></span> <span class='ocrx_word' id='word_1_341' title='bbox 881 4065 923 4128; x_wconf 89' lang='lat' dir='ltr'><strong>id,</strong></span> <span class='ocrx_word' id='word_1_342' title='bbox 943 4071 1067 4131; x_wconf 90' lang='lat' dir='ltr'><strong>quantum</strong></span> <span class='ocrx_word' id='word_1_343' title='bbox 1086 4064 1118 4114; x_wconf 89' lang='lat' dir='ltr'><strong>ad</strong></span> <span class='ocrx_word' id='word_1_344' title='bbox 1138 4063 1283 4113; x_wconf 85' lang='lat' dir='ltr'><strong>ornandum</strong></span> <span class='ocrx_word' id='word_1_345' title='bbox 1297 4059 1424 4127; x_wconf 81' lang='lat' dir='ltr'><strong>magnili-</strong></span> 
     </span>
     <span class='ocr_line' id='line_1_39' title="bbox 321 4125 1426 4202; baseline 0.003 -25"><span class='ocrx_word' id='word_1_346' title='bbox 321 4142 380 4177; x_wconf 89' lang='lat' dir='ltr'><strong>cum</strong></span> <span class='ocrx_word' id='word_1_347' title='bbox 398 4127 570 4196; x_wconf 79' lang='lat' dir='ltr'><strong>divinumque</strong></span> <span class='ocrx_word' id='word_1_348' title='bbox 589 4129 807 4196; x_wconf 90' lang='lat' dir='ltr'><strong>pbrontisterium</strong></span> <span class='ocrx_word' id='word_1_349' title='bbox 833 4133 998 4202; x_wconf 80' lang='lat' dir='ltr'><strong>praestabat3</strong></span> <span class='ocrx_word' id='word_1_350' title='bbox 1024 4135 1094 4202; x_wconf 88' lang='lat' dir='ltr'><strong>quod</strong></span> <span class='ocrx_word' id='word_1_351' title='bbox 1114 4136 1197 4202; x_wconf 86' lang='lat' dir='ltr'><strong>magis</strong></span> <span class='ocrx_word' id='word_1_352' title='bbox 1219 4125 1325 4185; x_wconf 78' lang='lat' dir='ltr'><strong>virtutis</strong></span> <span class='ocrx_word' id='word_1_353' title='bbox 1344 4143 1426 4182; x_wconf 82' lang='lat' dir='ltr'><strong>causa</strong></span> 
     </span>
     <span class='ocr_line' id='line_1_40' title="bbox 224 4197 1426 4273; baseline -0.001 -23"><span class='ocrx_word' id='word_1_354' title='bbox 224 4202 227 4204; x_wconf 74' lang='grc'>’</span> <span class='ocrx_word' id='word_1_355' title='bbox 322 4197 388 4250; x_wconf 84' lang='lat' dir='ltr'><strong>lecit</strong></span> <span class='ocrx_word' id='word_1_356' title='bbox 408 4213 485 4266; x_wconf 88' lang='lat' dir='ltr'><strong>quam</strong></span> <span class='ocrx_word' id='word_1_357' title='bbox 499 4201 657 4252; x_wconf 83' lang='lat' dir='ltr'><strong>ornamenti.</strong></span> <span class='ocrx_word' id='word_1_358' title='bbox 695 4203 823 4255; x_wconf 87' lang='lat' dir='ltr'><strong>uberibus</strong></span> <span class='ocrx_word' id='word_1_359' title='bbox 843 4208 913 4256; x_wconf 90' lang='lat' dir='ltr'><strong>enim</strong></span> <span class='ocrx_word' id='word_1_360' title='bbox 933 4214 960 4256; x_wconf 92' lang='lat' dir='ltr'><strong>et</strong></span> <span class='ocrx_word' id='word_1_361' title='bbox 980 4207 1127 4273; x_wconf 83' lang='lat' dir='ltr'><strong>magnificis</strong></span> <span class='ocrx_word' id='word_1_362' title='bbox 1148 4205 1277 4263; x_wconf 84' lang='lat' dir='ltr'><strong>sumtibus</strong></span> <span class='ocrx_word' id='word_1_363' title='bbox 1297 4209 1426 4254; x_wconf 83' lang='lat' dir='ltr'><strong>constru-</strong></span> 
     </span>
     <span class='ocr_line' id='line_1_41' title="bbox 321 4267 1428 4343; baseline 0.004 -24"><span class='ocrx_word' id='word_1_364' title='bbox 321 4270 361 4320; x_wconf 81' lang='lat' dir='ltr'><strong>xit</strong></span> <span class='ocrx_word' id='word_1_365' title='bbox 377 4267 468 4336; x_wconf 81' lang='lat' dir='ltr'><strong>plures</strong></span> <span class='ocrx_word' id='word_1_366' title='bbox 489 4285 567 4340; x_wconf 85' lang='lat' dir='ltr'><strong>quam</strong></span> <span class='ocrx_word' id='word_1_367' title='bbox 593 4280 698 4323; x_wconf 81' lang='lat' dir='ltr'><strong>centum</strong></span> <span class='ocrx_word' id='word_1_368' title='bbox 725 4289 898 4340; x_wconf 80' lang='lat' dir='ltr'><strong>nonanusas3</strong></span> <span class='ocrx_word' id='word_1_369' title='bbox 929 4277 977 4328; x_wconf 87' lang='lat' dir='ltr'><strong>sed</strong></span> <span class='ocrx_word' id='word_1_370' title='bbox 1000 4278 1027 4327; x_wconf 86' lang='lat' dir='ltr'><strong>in</strong></span> <span class='ocrx_word' id='word_1_371' title='bbox 1047 4277 1087 4329; x_wconf 89' lang='lat' dir='ltr'><strong>bis</strong></span> <span class='ocrx_word' id='word_1_372' title='bbox 1105 4277 1154 4329; x_wconf 85' lang='lat' dir='ltr'><strong>illa</strong></span> <span class='ocrx_word' id='word_1_373' title='bbox 1173 4277 1251 4328; x_wconf 89' lang='lat' dir='ltr'><strong>etiam</strong></span> <span class='ocrx_word' id='word_1_374' title='bbox 1269 4289 1377 4343; x_wconf 88' lang='lat' dir='ltr'><strong>operam</strong></span> <span class='ocrx_word' id='word_1_375' title='bbox 1398 4279 1428 4323; x_wconf 88' lang='lat' dir='ltr'><strong>et</strong></span> 
     </span>
     <span class='ocr_line' id='line_1_42' title="bbox 321 4339 1427 4420; baseline 0.005 -26"><span class='ocrx_word' id='word_1_376' title='bbox 321 4339 489 4417; x_wconf 65' lang='lat' dir='ltr'><strong>diligentium</strong></span> <span class='ocrx_word' id='word_1_377' title='bbox 507 4340 679 4413; x_wconf 65' lang='lat' dir='ltr'><strong>collocatam</strong></span> <span class='ocrx_word' id='word_1_378' title='bbox 698 4347 820 4416; x_wconf 83' lang='lat' dir='ltr'><strong>praeibat</strong></span> <span class='ocrx_word' id='word_1_379' title='bbox 838 4349 908 4402; x_wconf 85' lang='lat' dir='ltr'><strong>enim</strong></span> <span class='ocrx_word' id='word_1_380' title='bbox 928 4349 1064 4405; x_wconf 78' lang='lat' dir='ltr'><strong>benevola</strong></span> <span class='ocrx_word' id='word_1_381' title='bbox 1082 4357 1170 4403; x_wconf 79' lang='lat' dir='ltr'><strong>mento</strong></span> <span class='ocrx_word' id='word_1_382' title='bbox 1189 4349 1217 4400; x_wconf 86' lang='lat' dir='ltr'><strong>ia</strong></span> <span class='ocrx_word' id='word_1_383' title='bbox 1237 4349 1270 4402; x_wconf 86' lang='lat' dir='ltr'><strong>iis</strong></span> <span class='ocrx_word' id='word_1_384' title='bbox 1291 4346 1427 4420; x_wconf 78' lang='lat' dir='ltr'><strong>omnibus,</strong></span> 
     </span>
    </p>
   </div>
   <div class='ocr_carea' id='block_1_4' title="bbox 0 0 1612 5100">
    <p class='ocr_par' dir='ltr' id='par_1_8' title="bbox 0 0 1612 5100">
     <span class='ocr_line' id='line_1_43' title="bbox 0 0 1612 5100; baseline 0 0"><span class='ocrx_word' id='word_1_385' title='bbox 0 0 1612 5100; x_wconf 95' lang='lat' dir='ltr'><strong> </strong></span> 
     </span>
    </p>
   </div>
  </div>
 </body>
</html>
