3184 5100
353 413 576 496 nrsromln
604 414 863 490 fflzltt'ltitllb
886 349 981 489 axv
998 405 1066 491 tt.
1191 414 1261 506 ‚aa

159 581 223 648 τοῖς
247 575 392 659 εὐσεβεῖν
413 581 593 645 ἐθέλουσιν·
638 575 697 646 ὅσοι
723 585 750 647 δ’
776 587 820 659 είς
839 582 913 658 τοὺς
934 578 1181 668 δημιουργικοδς
1201 581 1263 646 τῶν

159 664 256 737 ὄντων
277 674 375 758 δγιῶς
397 679 564 760 ἐπορεύετο
584 677 710 763 λόγους,
736 709 838 758 τουτο
862 685 893 746 δ’
912 685 1056 764 ἀσμένως
1079 678 1262 746 παντάπασι

155 772 242 851 μάλα
268 781 425 895 προσίετο.
480 772 609 844 κάκείνω
640 783 675 846 δὲ
707 785 765 845 τοῦ
799 781 844 866 μη
873 787 1055 848 κλονεῖσθαι
1082 779 1173 845 ἓνεκα
1196 787 1261 854 τοῖς

156 877 231 957 περί
264 873 304 941 τὰ
338 879 468 944 τοιαῦτα
499 887 636 962 κομψοῖς
669 883 732 948 τῶν
754 885 823 947 ἐκεῖ
847 887 1016 967 Λατίνων,
1038 883 1094 962 ξίν
1116 905 1151 964 γε
1173 881 1260 968 αδτηῖ

129 970 239 1060 δρηγί,
260 981 318 1044 οιίκ
339 984 608 1068 ε’ρροθυμημίνην
625 981 696 1048 τινδ
720 983 776 1067 τη“ν
796 983 995 1072 οποοδηντηῖ
1016 985 1126 1073 τοιῷδε
1148 978 1260 1046 διδόν-

154 1103 215 1142 των
236 1083 330 1165 μέρει
351 1085 406 1166 τῆς
427 1085 558 1167 τέχνης,
595 1080 651 1150 ἅτε
675 1089 776 1170 α’γχου
813 1088 875 1152 τιδν
898 1089 1085 1170 Αἰγυπτίων
1111 1082 1260 1166 Ἀράβων

154 1171 269 1260 ὅντων,
302 1182 357 1247 καί
383 1183 487 1267 συχνοὶ
527 1187 582 1250 καί
608 1184 788 1254 διαπόντιον
820 1186 851 1263 ὂς
871 1188 928 1252 τὸν
958 1183 1042 1273 ῥῆγο
1070 1185 1128 1269 τὴν
1150 1178 1261 1270 ἄφιξιν
1312 1233 1316 1242 -

153 1287 355 1363 ποιουμένων
376 1289 500 1370 λογικῆς
514 1309 548 1350 τε
564 1285 692 1366 δμιλίας
710 1291 800 1352 ἓνεκα
818 1291 873 1353 καί
893 1284 961 1367 ἅμα
977 1288 1172 1373 φιλοτιμίας,
1193 1308 1260 1366 μοι-

153 1383 230 1464 κρόν
257 1385 487 1470 ἑπισυρομίνης
508 1386 543 1450 τδ
571 1386 775 1452 ἐπιδεικτικὸν
796 1386 942 1472 Ἀροὶβων
967 1389 1112 1468 ἐκείνων,
1134 1377 1178 1451 ὧν
1201 1383 1259 1448 τόν

110 1479 280 1602 ιοοῖπφντω
302 1487 374 1565 βίον
395 1489 582 1571 υἶποοχολεῖ,
605 1512 632 1552 ει
645 1513 675 1552 τι
699 1512 761 1552 που
784 1492 838 1574 τῆς
859 1489 960 1554 ποίλαι
976 1487 1201 1570 Χαλδαΐκῆς’
1186 1509 1258 1550 επι-

149 1580 275 1668 στήμης
299 1588 497 1653 ἐλλέλειπται
519 1587 737 1670 σωζόμενον”
717 1614 763 1656 art
788 1598 927 1676 σημεῖον.
969 1590 1108 1675 ἔφασκον
1129 1587 1188 1672 γὰρ
1212 1610 1256 1662 ως

149 1683 220 1750 ἐπεί
241 1683 282 1750 ut
302 1685 363 1751 υπὸ
387 1691 507 1772 γένεσιν
527 1686 626 1756 πάντα
640 1694 695 1754 καί
718 1694 888 1777 φθίσιν
850 1719 885 1780 τη
900 1694 960 1756 τιὸν
982 1689 1141 1773 οὐρανίων
1165 1686 1257 1752 ποιό-

149 1811 217 1871 τητι
241 1788 298 1852 καί
317 1787 435 1874 κινήσει
468 1791 603 1875 πάσχειν
624 1815 657 1856 τε
674 1797 729 1858 καί
752 1796 982 1859 είδοποιείσθαι
1011 1788 1088 1874 πρὸς
1114 1792 1171 1854 τοῦ
1196 1791 1258 1872 δη-

147 1888 406 1972 μιουργήσαντος
428 1916 564 1978 ωριστο,
594 1896 646 1958 καὶ
677 1902 740 1970 τοῖς
763 1895 890 1958 ἐκείνων
921 1899 1195 1978 συσχηματισμοίς
1222 1911 1256 1953 τε

110 2006 139 2058 15
147 1994 202 2053 κατ’
225 2000 297 2066 τοῖς
308 1992 387 2076 πρὸς
400 1994 546 2076 τᾶπίγεια
565 1992 801 2060 συνοικειοίσεσι
823 1993 857 2058 τό
882 1990 955 2081 ῥίον
975 1996 1031 2075 τῆς
1043 1992 1152 2073 ὑλικῆς
1165 1985 1257 2053 ποιό-

147 2113 241 2174 τητος
265 2083 332 2157 οἷον
357 2097 576 2174 νομσθετεῖταί
595 2118 629 2159 τε
653 2096 709 2157 κοί
729 2089 934 2178 ῥυθμίζεται,
952 2093 1072 2176 α’νιίγκη
1091 2089 1136 2174 μη
1157 2086 1257 2154 θάτε-

146 2215 200 2272 ρον
222 2194 284 2272 μὲν
305 2195 423 2258 εἰδέναι
444 2195 518 2279 περί
531 2195 647 2268 παντὸς
664 2188 838 2276 ποιεῖσθαι,
858 2192 994 2278 θάτερον
1008 2195 1038 2256 δ’
1055 2185 1106 2255 οὔ.
1149 2184 1170 2272 ἦ
1190 2189 1253 2272 γὰρ

147 2285 186 2354 σίν
206 2289 317 2376 χωλὸν
331 2298 477 2376 βαδίσειε
497 2297 604 2380 τρίβον
622 2298 677 2378 τῆς
698 2293 872 2380 ἐπιστήμης
896 2291 930 2369 δς
954 2288 994 2359 δν
1015 2292 1093 2375 μήτε
1113 2294 1156 2377 τῷ
1168 2295 1255 2356 θεω-

145 2397 265 2482 ρητικῷ
287 2392 456 2462 συνάπτειν
494 2395 588 2484 ialin
613 2393 646 2482 τὸ
671 2395 843 2478 πρακτικὸν
868 2392 941 2481 μήτ’
976 2388 1017 2461 αδ
1040 2397 1168 2482 θατίρφ
1188 2388 1254 2457 θοὶ-

110 2503 252 2581 11τερον.
298 2499 355 2581 τῆς
387 2498 448 2583 γάρ
473 2521 523 2563 τοι
547 2499 740 2585 φιλοσοφίας
771 2494 804 2563 ἐν
825 2506 890 2574 τοῖς
917 2498 992 2562 δυσί
1013 2491 1134 2572 τούτοις
1155 2491 1253 2559 εἴδεσι

145 2598 395 2682 θεωρουμένης,
431 2599 533 2686 σχολῇ
561 2601 590 2681 γ’
620 2590 659 2663 δν
681 2597 754 2673 τούς
789 2597 901 2681 λόγους
933 2600 1022 2682 γνοίη
1056 2600 1118 2662 τῶν
1146 2585 1254 2675 ὄντων,

145 2698 266 2761 πολλοῦ
291 2698 321 2761 δ’
345 2692 384 2762 δν
407 2700 472 2765 δεῖν
498 2700 578 2765 κατὰ
599 2697 634 2764 τὸ
662 2702 781 2773 ἐντελὲς
817 2701 972 2784 κληθῆναι
1003 2695 1121 2784 σοφόν,
1152 2686 1176 2788 ᾧ
1207 2692 1252 2780 μή

146 2979 294 3047 praelixam
314 2977 496 3047 egrediuntur,
516 2993 548 3030 ea
566 2978 739 3031 aversabatur
768 2987 795 3031 et
817 2976 1017 3032 abominabatur
1040 2986 1070 3032 ut
1093 2976 1137 3047 pie
1155 2978 1251 3032 rivere

146 3049 307 3103 volentibus
326 3048 492 3113 insalubria;
512 3064 688 3118 quaecunque
708 3058 801 3103 contra
819 3050 852 3101 ad
870 3052 1171 3119 rerumrationesatque
1184 3065 1250 3102 cau.

145 3138 189 3175 sas
207 3122 303 3175 sobrie
322 3129 402 3188 atque
419 3122 555 3172 moderate
574 3122 737 3190 indagandas
755 3122 901 3204 pertinenq
921 3137 953 3172 ea
971 3122 1250 3175 lubentissimeadmi.

144 3196 179 3246 sit
199 3209 233 3245 eo
255 3192 364 3261 quidem
384 3191 529 3256 consilio,
538 3207 573 3243 ne
593 3188 796 3245 conturbaretur
815 3193 928 3261 argutiis
946 3193 1114 3257 Latinorum,
1136 3195 1186 3261 qui
1210 3194 1249 3245 ibi

144 3265 282 3328 incolunt,
303 3272 329 3315 et
347 3264 420 3331 regis
441 3264 535 3330 ipsius,
556 3266 601 3333 qui
620 3266 647 3316 in
666 3264 715 3316 bac
736 3266 876 3317 doctrinae
897 3272 972 3331 parte
992 3279 1047 3315 non
1065 3264 1250 3332 levemquan.

143 3338 200 3388 dam
223 3344 307 3402 atque
326 3336 487 3387 mediocrem
498 3349 606 3401 operam
625 3338 769 3401 insumunt,
791 3338 889 3403 quippe
913 3336 1128 3404 quumAegyptii
1146 3336 1249 3388 Arabes

143 3424 175 3459 ex
194 3421 351 3475 propinquo
361 3406 464 3457 crebro
483 3406 517 3457 ad
536 3422 627 3495 regem
646 3423 694 3473 per
712 3422 785 3458 mare
803 3408 1006 3473 proficiscantur
1023 3408 1118 3459 doctae
1128 3407 1249 3473 disputa

142 3480 224 3530 tionis
239 3486 268 3529 et
287 3477 438 3529 ambitionis
458 3464 548 3542 carisa,¹
565 3493 619 3530 non
643 3480 702 3531 sine
726 3494 822 3546 magna
844 3478 894 3530 illa
917 3480 1096 3531 ostentatione
1114 3478 1248 3542 Arabum,

144 3552 188 3618 qui
211 3557 297 3601 totam
317 3549 398 3601 vitam
417 3550 444 3599 in
465 3564 498 3599 eo
518 3558 622 3615 ponunt
636 3550 766 3614 studium,
787 3558 816 3602 ut
835 3551 977 3617 indagent,
1003 3552 1025 3600 si
1050 3550 1120 3617 quod
1146 3550 1247 3602 veteris

144 3621 309 3675 chaldaicae
328 3619 465 3671 doctrinae
484 3618 569 3672 adbuc
589 3622 733 3687 vestigium
753 3630 886 3673 servetur.
924 3620 1048 3672 dicebant
1068 3622 1149 3683 enim,
1168 3634 1248 3687 quum

144 3694 174 3744 ab
197 3692 299 3758 opifice
319 3690 454 3742 delinitum
475 3699 556 3755 esset,
575 3700 605 3743 ut
622 3693 719 3757 omnia,
740 3708 809 3759 quae
830 3692 952 3743 oriuntur
972 3700 999 3742 et
1016 3658 1161 3756 intereunb,
1181 3705 1248 3741 coe-

143 3764 256 3817 lestium
279 3763 395 3815 siderum
419 3760 548 3829 qualitate
574 3772 600 3815 et
620 3772 692 3814 motu
718 3764 891 3815 efficerentur
917 3771 944 3813 et
967 3763 1143 3814 formarentur
1169 3771 1249 3830 atque

143 3850 237 3887 eorum
258 3832 486 3885 collocationibus
505 3849 536 3884 ac
555 3834 713 3899 rationibus,
733 3850 803 3903 quae
821 3836 855 3885 iis
885 3849 944 3885 cum
973 3833 1052 3886 rebus
1077 3834 1248 3886 terrestribus

142 3906 356 3969 intercederent,
378 3902 476 3955 llumen
495 3906 622 3957 materiae
643 3907 719 3973 quasi
737 3905 844 3973 legibus
863 3912 1004 3973 regeretur
1023 3905 1192 3958 etmodulate
1200 3920 1248 3957 or
1337 3932 1350 3943 ν

142 3979 295 4041 dicaretur,
313 3990 480 4043 nequaquam
499 3976 578 4027 nobis
597 3978 753 4029 studendum
773 3993 843 4041 esse,
864 3984 894 4027 ut
911 3975 997 4027 altero
1020 3976 1149 4045 neglecto
1177 3976 1248 4027 alte-

142 4066 199 4100 rum
227 4056 331 4099 tantum
357 4060 591 4115 cognosceremus.
636 4064 741 4099 caecam
767 4049 836 4098 enim
861 4049 991 4115 quandam
1015 4049 1153 4100 doctrinae
1178 4048 1250 4101 viam

144 4120 269 4189 ingredi,
290 4120 337 4187 qui
362 4133 413 4169 nec
437 4133 495 4169 cum
522 4117 720 4201 speculatione·
733 4120 829 4185 praxin
858 4121 1023 4187 coniungere
1048 4119 1135 4170 vellet
1159 4133 1249 4186 nequo

145 4208 203 4242 cum
228 4190 319 4243 altero
339 4188 460 4240 alterum.
499 4206 577 4257 quum
605 4192 675 4241 enim
700 4191 727 4240 in
747 4189 849 4242 duobus
868 4190 943 4242 bisce
960 4190 1105 4258 generibus
1122 4189 1249 4270 pbiloso-

144 4262 224 4329 pbiae
246 4258 438 4327 contemplatio
459 4269 629 4326 versaretur,
656 4263 714 4312 eum
734 4260 804 4313 baud
822 4277 886 4314 sane
905 4278 992 4314 rerum
1015 4264 1132 4314 rationes
1151 4260 1248 4343 cogni.

145 4341 231 4387 turum
250 4341 279 4385 et
289 4330 404 4384 multum
416 4330 522 4397 abesse,
543 4340 572 4385 ut
582 4332 719 4400 perlectus
739 4334 845 4402 sapiens
860 4332 991 4401 appellari
1010 4342 1112 4400 posset,
1131 4332 1176 4401 qui
1193 4343 1248 4381 non
1305 4368 1309 4375 .

234 4440 402 4514 Νίοηνίισννι
427 4442 537 4513 (leopos.
563 4441 618 4495 Vol.
637 4442 691 4498 lll.
1050 4444 1068 4495 3
