3184 5100
348 404 422 501 tto
642 395 875 489 ‘armisoni
905 416 1136 531 nassonia

349 582 557 665 α’ναμασενκῆς
577 585 748 668 σημασίας.
791 575 936 647 ἕκαστον
957 584 991 647 δὲ
1023 576 1105 664 πλην
1125 584 1180 662 τῆς
1202 582 1293 653 θείας
1318 573 1448 663 peterse

349 675 438 745 ἔστιν
459 682 563 747 onidis.
607 679 834 765 α’λλέίθεὸς,
857 684 1057 757 nataticum*
1082 676 1356 757 iteratae-etot
1380 704 1447 742 arr·
1490 760 1493 767 η

347 778 429 861 onoc,
451 783 489 845 ου’
510 778 598 859 θεός.
655 786 687 848 ἐν
710 787 750 870 τῇ
773 777 909 871 οἰκτίστῳ
943 780 1038 869 φύσει
1069 778 1247 845 soraterra
1271 776 1445 859 θαυμασταὶ

351 878 524 964 πράγματα
546 882 599 946 καί
620 881 783 965 ὀνόματα,
817 880 833 946 ὃ
856 880 958 967 πατὴρ
979 882 1035 945 καί
1053 878 1068 945 ὅ
1097 877 1167 955 vioe
1188 882 1243 944 καί
1262 876 1297 943 τὸ
1320 880 1447 958 πνεῦμα

345 978 379 1044 so
403 977 503 1065 ἅγιον.
548 986 611 1047 πᾶν
632 982 667 1049 so
690 982 816 1049 κεισνόν
837 980 897 1063 ἔξω
918 986 972 1067 τῆς
989 986 1080 1057 θείας
1095 980 1223 1067 φύσεως
1244 986 1327 1044 νοεῖν
1351 981 1471 1042 ἔνιαι-5

345 1081 522 1169 δεῦθημεν,
542 1087 641 1169 μόνην
671 1086 707 1149 δὲ
740 1081 798 1167 την
820 1078 967 1147 ἄκνισεον
998 1083 1096 1167 φύσιν
1125 1080 1322 1163 σεβαζεσθαί
1340 1102 1374 1141 τε
1394 1080 1448 1141 καί

345 1186 511 1266 λατρεύειν
533 1176 572 1267 ἧς
592 1184 756 1267 χαρακτήρ·
780 1187 848 1247 ε’στι
869 1186 924 1246 καί
944 1178 1109 1265 γνώρισμα
1129 1178 1162 1244 τὸ
1184 1178 1264 1264 μήτε
1286 1170 1447 1262 ἄρχεσθαι

279 1286 401 1360 wo&
422 1276 512 1349 εἶναί
526 1307 600 1349 ποτε
617 1282 699 1366 μήτε
722 1282 893 1349 παύεσθαι.
937 1280 1061 1347 πάντων
1085 1278 1213 1366 αοιητης
1236 1284 1290 1345 καί
1311 1301 1449 1363 πρσνση·

345 1383 402 1469 της
419 1389 474 1450 καί
492 1383 650 1467 σανσχείς
672 1382 690 1447 ri
715 1381 791 1461 θεός
813 1386 919 1464 ἐστιν,
944 1378 960 1444 ὅ
992 1380 1088 1462 μόνας
1108 1375 1266 1465 ἄκτιστας,
1291 1380 1307 1442 ὁ
1328 1376 1362 1443 ἐν
1385 1404 1449 1441 αα-

346 1484 399 1569 ερί
418 1485 473 1550 καί
493 1484 554 1575 sipi
576 1488 632 1549 καί
651 1480 732 1574 ἁγίῳ
752 1485 911 1564 πνεύματι
929 1480 1176 1564 ὑμνανμενόςτε
1199 1482 1252 1545 καί
1274 1480 1450 1559 δοξαζόμε-
1459 1491 1491 1547 10

346 1609 408 1662 νος.
451 1593 515 1652 πᾶν
550 1584 586 1654 ὃν
616 1582 786 1673 ἢκτιστόν
810 1590 896 1652 ἐστιν
926 1578 1124 1669 ἢᾶκτιστον.
1179 1588 1235 1649 καί
1254 1578 1450 1666 εἰμὲν-κτι-

345 1685 431 1769 osit,
454 1688 510 1775 ὑφ’
531 1684 641 1775 ἑτέρου
662 1690 786 1763 πάντας
808 1685 956 1772 ἐκτίσθη·
1007 1688 1037 1751 εί
1058 1688 1093 1749 δὲ
1115 1676 1272 1766 ἕκαστον,
1297 1689 1382 1749 τοῦτ’
1405 1680 1450 1747 σίν

279 1866 284 1871 ,
346 1784 397 1872 εἴη
418 1787 454 1853 τὸ
476 1787 517 1855 τί
540 1791 650 1855 κνιστὰ
672 1794 796 1855 κτίσαν.
850 1792 944 1853 τοῦτο
968 1790 1004 1853 δὲ
1027 1789 1060 1851 εί
1077 1779 1155 1851 ἄλλα
1175 1779 1214 1850 α’ίν
1235 1782 1283 1871 εἴη
1303 1780 1323 1869 3
1346 1782 1449 1863 erig,-

343 1890 405 1967 μία
426 1888 519 1971 τριὰς
537 1887 792 1976 ἀπαράλλακτος,
816 1887 854 1953 τὰ
872 1890 900 1953 δ’
924 1882 1006 1953 ἄλλα
1022 1892 1054 1965 ἐξ
1070 1887 1168 1970 αίτῆς
1187 1890 1449 1971 παρηλλαγμένα.

343 1986 426 2073 μόνη
450 1991 485 2055 δὲ
507 1988 612 2067 α’·ίδιας
631 1990 686 2055 καί
706 1984 849 2065 &strowe
872 1984 890 2071 3
915 1986 1083 2072 eptolenae*
1103 1990 1276 2070 α’μίννησσς.
1321 1988 1355 2050 ἓν
1378 1990 1450 2050 ε’στι
1460 2001 1491 2052 15

287 2086 298 2097 ‘
345 2086 380 2149 τὸ
403 2092 516 2156 ποιοῦν
536 2094 571 2156 ἐν
593 2095 655 2179 μνᾷ
675 2095 768 2181 αίσίηι
790 2089 920 2176 τριάδας
941 2088 1081 2170 τελείας,
1103 2084 1142 2151 τά
1167 2090 1194 2151 δ’
1216 2081 1296 2151 ἄλλα
1314 2084 1447 2169 γεννητά

345 2190 402 2252 καί
424 2190 544 2255 erenaei.
587 2190 641 2255 διὰ
667 2196 761 2256 ταῦτα
784 2191 844 2275 γὰρ
869 2188 923 2254 καί
952 2190 1046 2253 αὐταί
1067 2189 1105 2251 οὗ
1127 2191 1365 2271 προσκυνοῦμεν
1384 2190 1450 2251 πᾶν

344 2286 379 2352 so*
402 2290 606 2377 ὕσσβεβηκὸς.
621 2290 677 2376 την
697 2292 810 2357 σίσίαν
831 2293 889 2355 τοῦ
910 2292 998 2355 θεοῦ.
1054 2291 1118 2373 ε’ραῖ
1140 2282 1200 2372 yo'p
1225 2312 1275 2353 σοι
1298 2294 1354 2353 καί
1373 2288 1452 2372 περί

345 2390 403 2453 τοῦ
425 2382 600 2472 πνεύματος
621 2386 699 2477 ὅπερ
723 2395 868 2475 καὶπερὶ
887 2397 944 2457 rori
965 2388 1038 2456 υἱαῦ
1063 2391 1184 2474 ἔλεγον,
1209 2384 1258 2453 ὅτι
1281 2388 1449 2464 ὅπλαῦτσς

345 2493 402 2556 rori
422 2494 503 2558 θεοῦ
522 2490 545 2579 3
563 2497 683 2575 μείζων
702 2496 790 2561 ἐστίν
808 2487 829 2577 3
848 2493 916 2570 ἴσος
939 2486 960 2578 3
982 2491 1128 2563 ἐλάττων.
1173 2494 1228 2556 καί
1248 2492 1368 2574 μείζων
1387 2494 1493 2574 μὲνκο

417 2705 444 2757 8.
464 2708 516 2760 soii
533 2708 735 2781 Δαμασκηνοῦ.

348 2895 393 2949 (isi
410 2904 513 2950 natura.
551 2907 579 2951 et
596 2898 734 2951 increatas
752 2896 857 2965 quidem
874 2902 987 2948 naturas
1004 2901 1121 2947 sanctam
1148 2895 1294 2948 trinitatem
1316 2911 1377 2948 esse
1394 2894 1447 2948 de.

347 2968 465 3021 finiendo
483 2971 686 3022 eonstituimnsz
704 2977 811 3022 creatae
829 2975 917 3020 nutem
937 2968 1033 3031 omnia,
1055 2982 1125 3035 quae
1143 2975 1205 3034 post
1225 2983 1281 3018 eam
1302 2975 1328 3020 et
1346 2968 1447 3018 dicun.

346 3048 390 3090 tur
412 3048 440 3092 et
457 3049 518 3092 snnt
536 3049 564 3092 st
581 3049 719 3094 vocantur.
757 3040 870 3091 increati
888 3053 953 3106 prae
970 3040 1090 3090 increato
1116 3054 1205 3104 nemo,
1228 3047 1302 3106 puto,
1323 3040 1447 3108 cogitare

347 3118 437 3178 potest
454 3112 607 3164 discrimen.
644 3112 703 3165 sola
728 3113 848 3163 increata
873 3119 982 3175 natura,
1010 3126 1079 3178 quae
1109 3111 1214 3178 quidem
1242 3111 1324 3177 patris
1347 3119 1374 3161 et
1394 3110 1446 3162 fllii

348 3189 375 3233 et
392 3184 501 3250 spiritus
520 3185 605 3247 saneti
623 3185 740 3236 creditur
767 3183 948 3249 praestantior
975 3190 1016 3232 est
1041 3184 1122 3232 omni‘
1139 3182 1336 3250 significatione
1354 3183 1446 3232 nomi.

347 3268 419 3305 num.
439 3256 587 3306 increatum
605 3256 658 3307 nisi
677 3263 771 3307 natura
790 3254 881 3305 divina
897 3261 937 3304 est
955 3253 1032 3304 nihii.
1052 3255 1099 3306 sed
1118 3254 1141 3304 si
1161 3253 1220 3321 quis
1239 3254 1315 3316 dens,
1335 3254 1445 3302 omnino

345 3325 415 3376 idern
431 3334 472 3378 est
490 3327 639 3378 increatus:
663 3327 707 3378 sin
734 3333 821 3377 autern
848 3333 963 3388 creatus,
988 3338 1042 3376 non
1063 3333 1103 3376 est
1127 3325 1201 3376 deus.
1239 3325 1266 3375 in
1284 3333 1378 3376 natura
1398 3325 1445 3374 in.

346 3403 435 3446 creata
464 3413 524 3448 esso
553 3398 696 3450 creduntur
720 3398 803 3448 mirso
824 3412 868 3449 res
893 3398 1013 3464 miraque
1037 3397 1163 3460 nomina,
1183 3404 1260 3462 pater
1281 3404 1307 3446 et
1326 3395 1397 3447 iilius
1419 3403 1447 3446 et

345 3468 455 3533 spiritus
473 3476 588 3520 sanetus.
625 3483 704 3519 omne
723 3475 841 3519 creatum
865 3476 976 3518 naturae
1003 3467 1111 3519 divinae
1136 3483 1232 3533 expers
1252 3483 1312 3518 esse
1331 3467 1446 3518 credere

346 3539 433 3589 edocti
461 3555 570 3604 snmus,
589 3538 673 3590 solam
703 3547 791 3590 eutem
820 3542 964 3590 increatam
991 3547 1111 3590 naturam
1135 3541 1260 3590 venerari
1289 3547 1315 3589 et
1339 3537 1444 3602 colere,

345 3609 422 3660 cuins
443 3611 548 3679 signnm
564 3619 606 3662 est
629 3619 657 3661 et
685 3611 812 3662 indicium
832 3611 892 3674 hoc,
913 3617 942 3660 ut
962 3625 1021 3662 esse
1040 3626 1129 3678 nequo
1155 3611 1265 3677 incipiat
1283 3625 1372 3678 nequo
1392 3611 1445 3660 de..

344 3681 423 3730 sinat.
460 3684 548 3734 omnia
567 3682 632 3734 iacit
654 3690 680 3733 et
697 3683 829 3749 prospicit
849 3689 876 3732 et
895 3681 1015 3732 continet
1033 3682 1118 3746 deus,
1138 3680 1212 3733 solus
1232 3683 1376 3746 increatus,
1397 3682 1446 3749 qui

346 3752 451 3816 quidem
469 3755 498 3804 in
517 3761 592 3820 patre
612 3753 712 3824 stilio
732 3761 758 3804 et
776 3753 872 3819 spiritu
891 3761 984 3804 sancto
1005 3752 1126 3804 landatur
1147 3761 1174 3804 et
1184 3753 1343 3806 celebratur.
1363 3767 1445 3803 omne

345 3822 417 3888 qnod
436 3831 477 3874 est
490 3833 536 3876 aut
554 3834 671 3877 creatum
690 3833 731 3876 est
742 3832 788 3875 aut
805 3827 970 3876 increatum:
991 3826 1085 3893 quodsi
1097 3832 1225 3888 creatum,
1244 3826 1276 3876 ab
1294 3824 1348 3884 aiio
1361 3824 1446 3891 plano

345 3899 386 3943 est
411 3904 543 3948 crootnrn:
571 3899 612 3949 sin
644 3905 731 3948 antem
756 3903 922 3959 increatum,
948 3896 999 3948 hoc
1027 3898 1086 3948 sine
1105 3897 1184 3949 dubio
1204 3896 1270 3948 illud
1289 3903 1347 3956 est,
1370 3896 1445 3962 quod

345 3973 436 4016 ereata
454 3969 566 4020 creavit.
604 3970 763 4020 iroc‘autem
783 3969 846 4036 quid
868 3967 941 4019 aliud
972 3983 1032 4020 esso
1052 3975 1141 4035 potest
1162 3983 1239 4034 quarn
1258 3964 1345 4019 deus?
1382 3966 1445 4017 sola

344 4034 448 4088 trinitas
473 4045 514 4088 est
532 4040 718 4105 immutabitis,
745 4049 837 4092 cetera
855 4047 942 4090 autern
970 4057 1003 4092 ex
1029 4053 1060 4090 ea
1084 4048 1182 4092 mutata
1209 4048 1283 4092 sunt:
1309 4037 1368 4090 sola
1402 4047 1446 4090 est

344 4114 454 4159 aeterna
474 4116 501 4160 et
519 4111 638 4161 increata
655 4114 759 4164 trinitas
782 4121 808 4164 et
827 4127 881 4163 non
902 4114 1002 4180 genite.
1040 4126 1119 4162 unum
1145 4122 1185 4166 est
1206 4113 1276 4181 quod
1296 4111 1324 4161 in
1345 4125 1445 4161 essen.

343 4178 381 4229 tis
401 4195 455 4231 una
473 4181 617 4233 trinitatem
637 4182 701 4234 iacit
719 4186 857 4254 integram,
879 4191 968 4236 cetera
989 4181 1076 4236 autom
1105 4195 1166 4238 sunt
1185 4187 1277 4253 genita
1296 4190 1323 4234 et
1341 4192 1444 4234 creata.

341 4258 487 4318 propterea
505 4255 574 4304 enim
594 4261 622 4304 et
632 4255 684 4320 ipsi
696 4271 750 4308 non
765 4259 914 4322 adoramus,
935 4273 1109 4328 quascunque
1124 4261 1252 4314 inferiora
1264 4265 1324 4308 sunt
1346 4269 1443 4307 essen·

341 4323 380 4378 tta
403 4324 466 4396 dei,
495 4327 581 4380 dicam
605 4328 729 4399 nimirum
745 4329 905 4382 tibieadem
924 4333 956 4385 ds
977 4333 1091 4402 spiritu,
1122 4350 1189 4404 quae
1208 4335 1242 4388 ds
1260 4331 1333 4385 filio:
1353 4333 1447 4386 abun.
