3184 5100
343 346 415 439 mo
533 370 538 385 ·
626 372 870 444 -nreunnom
901 373 1132 445 onneoum

343 534 440 616 οδτως
464 534 609 618 ἐχόντων,
633 510 772 623 άκριάσῖς
794 536 853 621 μὲν
874 536 929 601 ode
949 535 1015 618 ἔχω
1037 535 1138 623 λέγειν
1161 533 1217 602 εἴτ’
1238 533 1349 614 αάτδς
1373 538 1464 623 πρῶ-

340 666 393 717 τος
412 636 469 722 τὴν
495 640 550 722 τῆς
581 637 821 724 μητροπόλεως
835 640 953 723 ἐκείνης
991 639 1164 721 μετάθεσιν
1192 636 1211 702 ὅ
1243 638 1464 724 Θεόγνοοστος

343 736 468 804 οἴκοθεν
490 746 666 823 πέπραχεν,
690 736 752 805 εἴτε
766 740 977 823 καθεστηκότι
997 740 1053 804 καί
1072 738 1167 817 αὐτὸς
1189 741 1368 826 ἐχρήσατο
1392 740 1463 803 ἐπε-

342 836 490 923 intende
509 839 556 923 τῷ
577 837 762 923 πράγματι·
809 835 913 927 ᾤκησε
943 842 972 903 δ’
996 834 1051 903 οὖν
1081 836 1168 922 ὅμως
1196 840 1253 904 καί
1277 838 1390 916 αὐτὸς
1415 838 1463 901 ἐπὶ

269 938 275 955 “
343 938 646 1024 τῆςμητροπάλεως
668 940 723 1003 καί
745 942 801 1025 τῆς
822 939 980 1026 ἐπαρχίας
999 941 1128 1025 ἐκείνης,
1149 938 1172 1024 ἢ
1192 941 1296 1025 μέρος
1320 942 1387 1023 τῆς
1408 961 1477 1020 pte-5

343 1042 442 1127 μάλης
462 1040 531 1104 ἐστὶ
548 1036 694 1117 Ῥωσίας,
717 1032 794 1125 ἦςδ
826 1039 958 1124 εὐσεβὴς
978 1043 1095 1117 ἐκεῖνος
1131 1038 1188 1128 ῥῆξ
1209 1039 1351 1126 ἦγεμσδν
1374 1040 1460 1124 ἐτάγ-

343 1164 443 1225 χανεν
466 1138 519 1221 τάν,
542 1141 597 1206 καί
617 1136 663 1225 ἢν,
680 1143 807 1225 ἐπιεικῆ
830 1142 903 1225 βίον
926 1139 1011 1229 ὄνων
1030 1145 1111 1221 ἐκεῖ,
1141 1143 1197 1207 κατ’
1218 1145 1377 1207 τοιοῦτον
1400 1134 1459 1205 οἷον

346 1240 429 1321 εἰκάς
450 1241 610 1329 ἐπισκόπῳ
632 1246 783 1329 θεοφιλεῖ
802 1244 931 1328 διάγειν,
952 1244 1126 1326 μονονουχὶ
1145 1246 1271 1327 βοῶντα
1293 1240 1360 1327 τὴν
1386 1242 1457 1327 dpe-

343 1343 399 1430 τὴν
422 1343 557 1409 αὐτόθεν
577 1346 635 1427 τῆς
652 1344 708 1409 τοῦ
728 1346 802 1426 βίου
826 1342 1021 1428 σεμνότητος,
1034 1344 1089 1409 καί
1109 1345 1290 1427 κοσμοῦντα
1316 1344 1386 1426 μὲν
1407 1341 1457 1426 τὴν

345 1445 508 1529 εὐσέβειαν
526 1446 703 1527 κοσμοῦντα
727 1444 761 1508 δέ
782 1442 838 1527 τὴν
857 1444 1071 1529 μεγαλόπολιν
1091 1446 1215 1529 ταάτην,
1238 1435 1338 1528 ἐξῆς
1363 1440 1481 1517 adrogo

344 1544 407 1633 ἔφυ
429 1568 463 1609 τε
487 1544 542 1609 καὶ
562 1544 750 1631 τέθραπται,
773 1545 829 1610 καί
848 1541 869 1629 ἢ
886 1547 995 1609 τοῦτον
1017 1546 1119 1610 ἐκεῖσε
1138 1550 1353 1630 πεπομφέναι
1376 1568 1454 1629 προ-

276 1646 451 1721 αιείλετο.
494 1641 538 1721 οῖς
558 1646 613 1709 καί
633 1641 694 1707 ὕπὸ
716 1648 773 1729 τῆς
791 1643 937 1729 τοιαύτης
967 1648 1023 1711 τοῦ
1046 1642 1160 1730 άνδρδς
1183 1643 1300 1730 άρέτῆς
1325 1643 1452 1730 αὖθάρ-

342 1752 437 1832 μητοι
459 1745 571 1821 πάντες
590 1748 647 1809 τοῦ
671 1744 784 1822 ἔθνους
805 1745 924 1810 ἐκείνου
950 1742 1063 1831 ἄνδρες
1088 1768 1123 1809 τε
1147 1743 1203 1808 καί
1219 1752 1380 1829 γυναῖκες
1404 1745 1454 1808 καί

342 1847 408 1912 νέοι
427 1846 483 1912 καὶ
503 1844 647 1931 γέροντες
682 1844 761 1931 πρὸς
789 1842 844 1909 τδν
860 1848 931 1909 *τοῦ
951 1847 1051 1909 καλοῦ
1070 1847 1162 1929 ζῆλον
1183 1842 1354 1930 ἠγείροντο
1366 1894 1378 1923 ,
1402 1846 1454 1909 καὶ

344 1946 438 2011 πλέον
460 1944 564 2010 αὐτῶν
586 1944 614 2011 οἱ
644 1944 762 2011 τούτων
791 1943 964 2030 ἡγεμόνες,
996 1936 1096 2024 ἔξῶν
1119 1944 1181 2009 ’καί
1209 1946 1241 2021 ἐς
1265 1947 1478 2026 Βυζάντιονιι

282 2089 284 2100 1
340 2046 492 2132 χρήματα
525 2044 748 2131 ἀπεστάλησαν
782 2044 972 2133 ἀποχρῶντα
998 2044 1079 2132 πρδς
1107 2046 1292 2128 οἰκοδομίαν
1314 2050 1378 2111 τοῦ
1398 2070 1452 2111 πε-

345 2146 503 2223 πτωκότος
522 2148 693 2231 τηνικαῦτα
715 2146 836 2231 μέρους
853 2148 910 2209 τοῦ
931 2147 1084 2232 μεγίστου
1114 2143 1175 2229 νεά
1193 2147 1250 2228 τῆς
1274 2142 1377 2230 άγίας
1399 2149 1452 2211 τοῦ

343 2248 423 2311 θεοῦ
444 2246 574 2333 σοφίας·
618 2246 694 2331 πέρί
723 2238 766 2311 ὧν
789 2246 850 2311 κάν
876 2249 924 2334 τῷ
956 2246 1003 2331 κη’
1021 2249 1077 2331 τῆς
1100 2245 1242 2332 ἱστορίαις
1259 2244 1347 2333 λόγῳ
1373 2248 1451 2313 διεί-

343 2347 464 2432 ληπταί
478 2371 536 2429 μοι
557 2347 598 2411 τά
621 2370 655 2412 τε
675 2342 765 2425 ἄλλα,
786 2348 843 2413 καί
866 2344 909 2426 ὥς
929 2350 1034 2425 καλῶς
1048 2348 1108 2429 μὲν
1128 2348 1252 2410 ἐκεῖθεν
1273 2346 1451 2433 ἐπέμφθη-

345 2470 415 2524 σαν,
439 2444 475 2511 od
496 2449 602 2523 καλῶς
625 2448 655 2511 δ’
678 2442 741 2512 οὔτ’
763 2450 918 2513 ἐνταυθοῖ
941 2447 1145 2534 διηνκήθησαν
1170 2441 1234 2510 οὔτ’
1267 2445 1378 2512 ἐκεῖσε
1398 2444 1477 2530 odron

346 2546 455 2632 φήμην
478 2546 569 2624 άξίαν
590 2555 655 2624 τοῖς
678 2548 885 2635 πεπομφάσιν
907 2546 1203 2634 άντιπεπάμφασιν,
1237 2544 1308 2610 ἀλλ’
1333 2548 1384 2624 εἷς
1408 2551 1450 2613 σι’-

344 2651 428 2709 κεῖον
451 2640 552 2732 άχαρι
573 2646 686 2732 κέρδος
705 2647 992 2733 βωμολοχῆσαντες
1023 2647 1079 2712 καί
1096 2646 1288 2731 νειμάμενοι,
1314 2647 1449 2734 πρόφα-

216 2757 396 2816 ῖῖῡὸισιν
420 2745 579 2811 δεδώκασι
606 2751 672 2822 τοῖς
706 2746 877 2812 άκοάσυσιν
912 2746 1053 2835 αι’σχρδιν
1079 2747 1197 2833 κομιδῇ
1224 2737 1285 2812 ’καί
1316 2748 1448 2834 σφόδρα

343 2848 506 2936 λοιδορίας
530 2847 657 2926 ἁπάσας
683 2850 982 2936 προσκαλουμένην,
1008 2833 1064 2915 καί
1084 2846 1235 2916 τάνονιια
1257 2848 1450 2935 λογίζεσθαι

343 3165 413 3220 quae
441 3164 520 3218 quum
546 3149 585 3202 ita
609 3156 689 3215 nunt,
707 3163 762 3202 non
787 3164 896 3218 potrum
921 3163 970 3217 pro
998 3155 1072 3203 certo
1097 3147 1208 3214 dicere,
1228 3154 1316 3201 utrum
1345 3148 1449 3216 primur

340 3222 516 3274 mutationem
545 3219 619 3273 illiue
646 3220 832 3288 metropoleon
857 3222 978 3273 elieoerit
1000 3223 1060 3288 ipre
1083 3221 1285 3290 Theognoetun,
1311 3235 1348 3271 nn
1368 3220 1449 3273 reboo

343 3293 395 3346 iarn
415 3293 649 3344 constitutionem
668 3293 712 3344 eit.
750 3300 866 3344 attamen
891 3293 950 3360 ipee
969 3293 997 3344 in
1020 3292 1164 3360 metropoli
1183 3290 1315 3343 habitabit
1336 3298 1364 3342 et
1383 3307 1450 3360 pro.

343 3365 433 3416 vincia
452 3362 509 3428 ilia,
534 3378 602 3430 quae
627 3379 738 3431 magnae
757 3363 870 3416 hunniae
896 3380 957 3432 paro
983 3371 1041 3429 eet,
1065 3365 1141 3416 enine
1168 3363 1229 3430 piue
1248 3361 1371 3414 illerex
1394 3370 1451 3415 erat

342 3435 500 3490 dominator.
540 3442 566 3485 et
586 3435 680 3486 iustam
703 3435 785 3486 vitam
814 3436 869 3502 egit
894 3443 922 3487 et
940 3435 1046 3503 qualem
1069 3436 1170 3503 degero
1194 3435 1266 3501 pium
1288 3434 1450 3502 episcopum

341 3505 428 3558 decet.
450 3505 622 3574 praedicabat
641 3505 887 3560 virtutemeauotae
905 3507 979 3559 vitoe
999 3514 1026 3558 et
1045 3507 1152 3558 ornavit
1169 3504 1344 3572 religionem,
1364 3520 1451 3557 orne.

340 3577 381 3628 vit
398 3577 467 3628 haue
483 3575 692 3645 Megalopolim,
718 3593 770 3645 qua
796 3586 870 3644 ortuo
900 3585 957 3629 eret
977 3585 1004 3629 et
1019 3578 1145 3630 educatur
1170 3583 1197 3627 et
1220 3591 1290 3644 quae
1309 3574 1366 3626 hue
1391 3593 1451 3628 earn

339 3649 458 3700 miserat.
495 3649 587 3716 itaque
608 3664 623 3700 a
647 3647 710 3700 talio
729 3649 788 3702 viro
808 3649 914 3701 virtutis
941 3656 1038 3714 sponte
1066 3663 1158 3700 omnes
1185 3646 1259 3711 illiue
1278 3645 1378 3712 populi
1399 3648 1451 3699 viri

342 3726 369 3769 et
386 3719 523 3784 mulieres,
543 3721 657 3772 iuvenes
677 3727 704 3770 et
719 3735 799 3772 aeneo
820 3721 852 3771 ad
870 3717 977 3786 pulchri
1007 3719 1122 3772 etodium
1141 3716 1323 3769 incitabanlhr
1344 3725 1374 3768 et
1394 3718 1451 3770 illie

339 3791 425 3856 mugio
444 3793 535 3856 duces,
556 3790 601 3859 qui
621 3789 779 3858 Byzantium
808 3789 964 3857 permultam
991 3790 1297 3858 pecuniarumheopiam
1317 3787 1453 3841 miserant

341 3858 374 3909 ad
392 3862 590 3914 restaurandam
609 3863 755 3928 collapsum
784 3868 883 3928 partem
903 3863 988 3913 tancti
1017 3862 1124 3914 divinae
1148 3859 1267 3927 Sophiae
1285 3858 1397 3926 templi,
1420 3861 1451 3912 de

341 3929 437 3996 quihus
456 3933 485 3983 in
505 3933 633 3984 historiae
654 3933 723 3984 libro
742 3931 851 3985 XXlllll
874 3933 929 3984 dixi
949 3940 1090 4000 praeterea
1118 3931 1267 3984 honorilice
1294 3929 1363 3982 iiloe
1398 3933 1450 3983 mi-

340 4001 558 4064 κατασκιάσαι
581 4004 728 4055 honorilice
749 4003 856 4066 ibidem,
877 4019 946 4071 quae
967 4005 1048 4056 minsa
1067 4011 1152 4070 erent,
1171 4001 1357 4054 administrata
1379 4018 1449 4065 eene,

338 4085 390 4122 neo
411 4073 479 4122 euim
500 4073 595 4124 iustam
613 4075 707 4126 lamam
734 4074 900 4127 mittentibus
924 4077 1100 4139 remiserunt,
1128 4074 1175 4127 aed
1194 4072 1346 4125 domentioo
1370 4089 1449 4125 com-

338 4141 417 4194 modo
443 4143 623 4195 sacrificantes
655 4153 682 4196 et
700 4145 876 4197 attribuentes
904 4153 931 4196 et
955 4145 1124 4197 audientibus
1150 4144 1257 4196 omnino
1286 4151 1398 4210 turpem
1425 4151 1450 4195 et

338 4213 545 4282 ignominiosam
565 4229 670 4268 cautam
689 4214 844 4267 obtulerunt
866 4222 893 4267 et
912 4219 1045 4268 contraria
1060 4217 1179 4286 cogitare
1200 4229 1247 4266 eoa
1267 4229 1350 4282 qnam
1369 4224 1450 4268 antea

339 4291 496 4354 coegerunt.
534 4299 586 4356 quo
607 4286 677 4338 euim
696 4287 857 4341 diviniorem
878 4295 958 4342 antea
974 4287 1105 4343 bonorem
1124 4285 1449 4358 comtmtinopotttenne
