3184 5100
324 428 456 501 372·
628 428 853 499 numenoio
881 412 1153 495 ouuooaaa'
1268 474 1278 493 .

325 594 381 661 καί
402 591 484 660 έοικε
505 592 540 660 τό
571 594 634 659 τῶν
661 592 851 675 θεοπρεποῆν
878 582 1044 668 ὀνομάτων
1076 586 1200 667 πλῆθος
1219 588 1289 658 τοῖς
1310 583 1346 645 εἰι
1367 582 1434 645 ταῖν

326 691 474 779 περάτων
495 696 554 759 τοῦ
574 693 690 758 κύκλου
715 682 791 774 udde
807 712 837 755 ιι
852 692 997 779 κέντρον
1016 688 1251 769 συναγομένοις
1272 679 1432 803 εόθεάιις,

324 806 491 880 μερισταίς
513 797 572 875 μὲν
596 788 706 866 οὔσαις
726 789 866 873 ἔξωθεν,
888 789 923 855 τό
945 790 982 852 δέ
998 792 1126 872 κέντρον
1144 784 1276 868 μερίσαι
1294 808 1359 867 μη
1368 784 1433 845 δυ-

325 902 487 980 ναμέναις,
509 893 591 962 dard
615 898 757 980 μᾶλλον,
789 888 865 957 ὅσον
888 886 1037 977 έφικτόν,
1060 890 1266 970 descenderere.
1307 887 1342 949 έν
1364 885 1429 966 γὰρ
1513 907 1514 990 p

203 972 314 1069 1..176τ
323 1003 361 1087 τῇ
383 1000 527 1086 θεωρία,
561 1001 660 1083 φησί,
681 1000 737 1079 τῆς
758 991 868 1077 νοεριῖς
889 994 1065 1080 φόσεοος,
1054 987 1125 1053 ’διό
1149 985 1186 1053 τό
1217 987 1455 1066 όπεριιεδσθατ5

323 1102 379 1185 τῆς
401 1102 558 1184 αισθητῆς
590 1095 691 1181 πότην
715 1095 941 1214 καταλήψερς,
962 1093 1177 1175 στοχαστικιός
1208 1092 1264 1171 τῆς
1285 1089 1431 1160 διανοίας

325 1199 512 1284 ὀρεγομένης
533 1200 595 1265 τοόν
618 1193 841 1283 έκφιυγόνταν
861 1194 920 1280 την
941 1192 1110 1278 αἴσθησιν,
1132 1182 1223 1255 ἄλλοι
1243 1182 1348 1263 όλλας
1376 1210 1432 1249 νι-

324 1298 467 1381 νοόμεθοὶ
502 1322 535 1363 τε
563 1323 636 1418 περι
660 1295 695 1363 τό
733 1298 942 1382 ζητούμενον,
965 1296 1021 1366 καί
1040 1290 1119 1359 sarri
1144 1292 1201 1375 την
1219 1271 1431 1374 ’ἐγγενομένην

325 1394 444 1489 ἓκόστφ
468 1425 542 1486 περι
575 1398 608 1465 τό
635 1398 842 1479 ὑποκείμενον
862 1390 1075 1477 διόνοιον,”
1057 1420 1142 1471 οποος
1173 1418 1214 1457 αν
1246 1382 1311 1456 οἷόν
1340 1412 1376 1453 τε
1394 1382 1430 1476 ᾗ,

260 1501 359 1577 ητὸ
386 1504 501 1586 νοηθὲν
523 1502 757 1583 ἐξαγγέλλομεν.
802 1498 871 1564 o‘d’
891 1499 1023 1580 α’μαθίγς
1044 1496 1208 1574 Παλαμός
1228 1490 1283 1557 διό
1302 1513 1431 1573 γνώμης
1441 1509 1472 1563 10

326 1600 448 1666 ατόπου
461 1602 705 1685 μοχθηροτέραν
726 1600 790 1679 ἕξιν
803 1598 896 1684 πυροὶ
914 1594 1106 1683 φαῦλοντός
1126 1598 1190 1658 τῶν
1205 1589 1303 1675 όγίοον
1317 1589 1431 1715 ρὴστις

325 1704 545 1788 ποιησόμενος,
574 1726 630 1785 την
662 1702 721 1765 τοῦ
748 1703 826 1765 θεοῦ
845 1696 1055 1783 συνεκόκησεν
1075 1697 1258 1781 έκιιλησιῖιν,
1288 1691 1348 1775 οη’κ
1368 1686 1430 1757 οἶδ’

327 1800 499 1888 δπόιερον,
529 1800 583 1868 εἴτ’
606 1792 692 1867 όκαν
714 1802 837 1885 οἷγνοοόν
857 1798 916 1885 την
946 1789 1433 1877 1κείνιονδιόνοταν,ει”θ’ἓκοδν

323 1907 526 1991 βλασφημῶν
550 1900 605 1969 καί
625 1906 658 1969 έν
680 1902 898 1985 όποκειμίνοις
924 1899 980 1967 κατ’
999 1898 1170 1985 διαφόροις
1191 1894 1368 1982 πρόγμασι,
1387 1895 1430 1961 τό

327 2004 470 2093 διάφορα
502 2008 564 2071 τῶν
599 2008 724 2071 πολλῶν
752 2002 880 2071 έκείναν
900 2004 1088 2086 θεοπρεποῖν
1120 1998 1281 2081 όνομότοον
1304 1999 1432 2081 (inspicio
1442 2022 1474 2076 15

326 2104 554 2188 ἐκλαμβάνων,
579 2110 635 2172 καί
665 2103 784 2191 πολλός
812 2103 868 2169 κατ’
884 2103 1063 2190 διαφόρους
1097 2104 1243 2169 irrasi-isa
1263 2100 1432 2175 οἷκοίστους
1513 2105 1514 2192 1

326 2204 490 2293 κηρόττων
508 2208 605 2285 θτοός
624 2209 680 2273 κατ’
693 2209 859 2292 θεότητος.
903 2204 979 2271 ου’δέ
998 2205 1059 2289 γὰρ
1084 2206 1158 2271 ου’δ1
1169 2206 1201 2269 Γ
1199 2203 1350 2289 ρηγορίου
1371 2206 1433 2266 rori

327 2306 471 2393 Νόσσης,
494 2308 538 2385 σός
559 2306 662 2390 ἔοικε,
683 2312 819 2391 βοῶντος
851 2307 998 2391 α’κήκοεν,
1018 2305 1062 2382 οδς
1084 2299 1162 2371 όταν
1181 2304 1227 2387 μὴ
1250 2309 1328 2385 μίαν
1346 2297 1432 2370 εἶναι

308 2409 383 2492 ’τὴν
403 2414 683 2495 προσκυνουμένην
716 2409 816 2496 φόσιν
846 2407 1061 2483 πιστεύσαοὶν
1089 2406 1119 2473 οἱ
1142 2395 1338 2492 daipertus,
1360 2409 1433 2471 ἀλλ’

326 2513 372 2585 εἰς
396 2508 573 2598 διαφόρους
585 2509 743 2598 θεότητος
765 2518 834 2588 τοῖς
853 2513 988 2596 έννοίαις
1008 2510 1241 2594 α’πενεχθιόσιν,
1264 2508 1324 2574 osis
1342 2506 1473 2574 ἔστιν10

326 2607 345 2676 ό
367 2609 477 2697 στήσει
506 2610 565 2696 την
599 2614 675 2697 περί
703 2611 737 2679 τό
774 2619 863 2680 θεῖον
895 2611 1057 2698 όπόληψιν
1085 2614 1262 2694 προϊοῦσαν
1295 2607 1349 2675 διὰ
1374 2611 1433 2692 τῆς

327 2715 468 2796 κτίσεως,
489 2709 569 2778 titt
588 2711 624 2779 τό
648 2716 801 2795 νομισθὲν
832 2717 867 2780 έν
887 2716 928 2803 τῇ
946 2717 1047 2780 κτίσει
1078 2718 1168 2779 θετον
1189 2708 1323 2799 όφορμῆ
1347 2708 1432 2797 πρός
1512 2738 1513 2795 3

327 2809 386 2897 τήν
414 2809 485 2902 ἴσην
516 2811 679 2902 όπόληιγιν
707 2817 751 2904 spi
780 2816 852 2898 μετ’
875 2818 974 2882 dasiro
1004 2817 1215 2903 θτιιρουμένιρ
1242 2810 1432 2900 γενήσεται,

329 3121 474 3177 invisibilis
492 3083 597 3191 natura,
614 3140 669 3179 nou
689 3139 800 3194 prorsus
819 3127 986 3197 incognitum
1017 3125 1096 3180 uobis
1116 3133 1247 3194 putamus.
1283 3131 1365 3209 atpue
1385 3125 1432 3178 (11..

328 3197 452 3248 vinorum
470 3197 606 3249 nominum
625 3197 767 3252 multitudo
787 3199 883 3252 similis
904 3207 945 3251 est
964 3200 1072 3250 iincisa
1091 3197 1188 3252 iinrbus
1198 3195 1341 3250 circulum
1360 3212 1433 3250 cen
1511 3234 1512 3253 ι

328 3276 397 3320 trum
418 3276 493 3320 recta
512 3268 676 3336 conciliatis,
695 3286 765 3339 quae
778 3271 909 3323 divisae'
901 3286 978 3338 rpsse
989 3277 1073 3334 extra,
1093 3277 1214 3322 centrum
1234 3268 1355 3322 dividere
1373 3283 1432 3320 non

329 3347 450 3407 possunt.
490 3341 587 3391 etenim
611 3341 639 3392 in
667 3342 840 3427 disquirenda
868 3340 1037 3418 intelligipiti
1062 3349 1174 3405 natura,
1200 3341 1325 3409 quoniam
1348 3355 1433 3406 supra

330 3427 456 3464 sensuum
474 3412 675 3479 perceptionem
694 3415 783 3480 posita
803 3421 859 3478 est,
878 3421 968 3466 mente
986 3401 1019 3464 ad
1045 3428 1077 3464 ea
1103 3428 1172 3481 quae
1196 3427 1303 3464 sensum
1322 3410 1433 3480 fugiunt

328 3499 378 3550 per
397 3484 581 3535 coniecturam
605 3485 779 3552 percipienda
804 3492 906 3540 attenta
929 3483 976 3536 alii
1001 3483 1082 3536 aliter
1106 3484 1293 3552 persequimur
1310 3482 1338 3534 td
1357 3483 1433 3550 quod

329 3556 485 3624 quaerimus
510 3554 586 3606 etad
605 3556 735 3608 rationem
755 3557 787 3608 de
810 3555 933 3608 subiecto
953 3557 1051 3624 cuique
1069 3556 1200 3619 innatam,
1220 3553 1283 3622 quid
1304 3561 1331 3605 et
1349 3552 1432 3621 quale

329 3627 365 3679 sit
383 3626 411 3677 id
437 3624 507 3694 quod
525 3627 713 3694 cogitavimus,
731 3627 902 3694 proferimur.
946 3628 1055 3695 ignarus
1074 3634 1162 3678 autern
1181 3625 1300 3678 Paiamas
1319 3632 1434 3692 propter

328 3698 438 3764 ineptae
458 3697 592 3764 opinionis
612 3700 769 3766 pravitatem
789 3698 922 3765 corruptis
942 3707 1093 3751 sanctorum
1115 3697 1205 3750 verbis
1223 3698 1267 3750 dei
1287 3695 1433 3748 ecclesiam

329 3768 507 3835 perturbavit,
527 3770 621 3820 nescio
640 3785 694 3821 nou
713 3779 845 3836 spontane
859 3770 997 3852 incognita
1008 3769 1116 3822 illorum
1126 3770 1270 3832 sententia,
1289 3783 1323 3819 au
1333 3775 1434 3834 sponte

328 3838 519 3891 maledicturus
547 3847 574 3890 et
599 3841 626 3890 iu
651 3839 780 3892 subiectis
801 3849 828 3893 et
846 3841 928 3894 variis
955 3841 1035 3892 rebus
1054 3843 1129 3892 varia
1154 3839 1202 3892 iila
1225 3839 1314 3891 omnia
1338 3839 1435 3891 diviua

328 3911 436 3961 nomino
456 3911 539 3977 impie
558 3909 710 3963 sublaturus
731 3920 758 3979 ο1
775 3911 874 3963 multos
892 3912 956 3964 indo
974 3914 1119 3980 variosque
1137 3913 1272 3963 increatos
1290 3911 1435 3961 nuntiatu-

328 3997 373 4032 rus
395 3982 461 4034 deos
481 3989 508 4032 et
529 3980 652 4033 deitates.
690 3999 780 4051 neque
801 3984 909 4035 audisse
928 3983 1034 4036 videtur
1048 3984 1206 4052 Gregorium
1218 3983 1364 4048 Nyssaeum
1386 3981 1435 4032 io.

328 4061 471 4120 quentem:
491 4053 513 4104 si
532 4067 585 4102 non
604 4069 681 4104 uuam
704 4069 764 4106 esse
785 4054 970 4107 venerabilem
993 4063 1113 4108 naturam
1132 4055 1273 4106 crederent
1295 4052 1435 4118 homiues,

328 4125 373 4176 sed
394 4126 421 4176 in
439 4124 531 4176 varias
554 4123 666 4176 deitates
685 4127 850 4194 cogitatione
869 4127 1069 4190 distribuerent,
1086 4141 1140 4178 non
1161 4133 1232 4177 esset
1251 4124 1321 4192 quod
1338 4126 1437 4176 notio-

330 4209 391 4245 nem
424 4196 467 4246 dei
493 4209 542 4260 per
561 4203 709 4250 creaturam
737 4199 915 4284 prodountem
938 4199 1124 4251 constitueret.
1167 4197 1214 4248 scd
1246 4196 1412 4248 creditum
1404 4211 1435 4247 ru

329 4273 454 4317 creatura
473 4265 592 4317 divinum
612 4266 689 4334 illud,
709 4269 870 4337 principium
891 4270 940 4335 ei,
954 4271 999 4340 qui
1018 4269 1050 4322 ad
1070 4269 1180 4322 condem
1207 4267 1437 4320 existimationem

327 4335 395 4389 illud
414 4335 602 4405 disquisiturus
621 4345 677 4405 est,
698 4339 751 4394 iuit
769 4343 898 4395 contiuuo
919 4349 947 4394 et
964 4342 991 4394 in
1011 4341 1100 4395 omnia
1118 4341 1198 4396 huius
1215 4334 1437 4410 consequentiae
