3184 5100
342 421 391 500 dli
526 425 530 434 “
639 424 871 496 Memmii
894 420 1130 492 mimmii

341 585 441 714 δίμφω
462 593 535 655 καθ’
554 587 657 654 όπόσα
673 591 726 652 δεῖ
740 592 884 669 μετιίναι
906 583 1007 650 ἔπεισι
1028 582 1066 650 τό
1088 585 1141 668 τῆς
1154 580 1354 726 φιλοσοφίας
1374 607 1442 664 μν-

342 694 467 778 στήρια.

274 804 330 859 n
440 790 534 858 Ἀλλὰ
559 790 678 857 τούτων
704 795 764 874 μὲν
786 785 867 866 ἅλις.
916 791 991 869 ἐμοί
1010 789 1041 851 δ*
1070 781 1114 862 cic
1136 783 1176 851 τοὶ
1197 784 1298 881 πολλοὶ
1320 785 1441 870 σχολήν

341 888 480 980 όγων,“
458 921 476 978 η
500 917 552 957 και
576 892 729 976 α’σχολίας
754 892 926 973 ὑπέρτερον
955 887 1070 964 ὲκείνας
1098 889 1230 970 πρᾶγμα
1252 876 1440 968 παυόμενος

312 996 531 1082 ,θεραπεόειν
563 998 620 1076 ἐμὲ
651 993 703 1058 διδ
725 996 781 1072 cd,
805 994 929 1055 ἐδείκνυ
956 988 1089 1075 περιττόν
1110 991 1166 1052 καί
1194 985 1471 1071 περιηγοόμεαυςσ

341 1098 443 1163 δπόσα
465 1101 505 1184 τῇ
525 1096 609 1186 ιη’σρι
632 1098 791 1177 περίεστιν
814 1085 890 1170 ιἰξια
911 1094 1000 1172 θέας,
1023 1092 1118 1156 τότε
1140 1082 1224 1153 dita
1244 1113 1298 1152 και
1320 1081 1382 1153 όσα
1407 1090 1441 1150 ίν

340 1197 502 1284 θεάτροις,
530 1201 563 1262 ἐν
594 1197 781 1318 δμοραῖς,’
766 1218 800 1258 εν
823 1195 1054 1316 δικαστηριαις,
1078 1191 1114 1256 τό
1137 1194 1172 1256 δν
1190 1193 1367 1271 νομίσμασι
1386 1189 1442 1252 ναί

340 1301 528 1386 χαράνμασι
560 1297 614 1361 τόν
649 1293 772 1360 ἅπαντα
801 1292 915 1378 χρόνον
947 1291 1101 1368 τόσαότως
1131 1289 1206 1374 ἔχον
1232 1291 1440 1374 ναίμηδαμῄ

339 1402 414 1485 μηδ’
439 1399 585 1463 ὁπωσοῦν
607 1393 810 1481 τρεπόμενον,
832 1394 888 1458 καί
906 1389 992 1469 ὅπως
1014 1395 1047 1457 όν
1062 1397 1219 1473 σταθμοῖς
1239 1387 1294 1454 καί
1311 1392 1440 1472 μίτραις

340 1501 524 1582 πλάστιγξιν
551 1495 599 1581 εἴη
629 1495 781 1577 διδόμενα
805 1519 837 1560 τε
864 1497 919 1559 καί
939 1490 1167 1576 λαμβανόμενα
1190 1487 1261 1576 εἴδη
1289 1487 1440 1565 καθάπαξ
1451 1504 1484 1557 to

341 1603 443 1668 ιδνίαν
467 1597 614 1683 ἅπαντα,
639 1591 699 1680 οόχ
720 1597 763 1672 σός
792 1600 856 1662 τῶν
876 1595 1118 1679 πιπρασκόντων
1139 1597 1272 1668 ἕκαστος
1300 1588 1440 1674 doridos?

341 1696 398 1784 όν,
420 1694 489 1766 ἄλλ’
518 1699 561 1775 τός
594 1696 630 1763 τό
663 1700 719 1782 τῆς
750 1699 909 1772 πολιτείας
941 1698 1063 1780 ἀρχαία
1094 1694 1259 1760 κελεόσυσι
1284 1689 1441 1776 δόγματα,

341 1807 410 1870 οὔδ’
441 1803 485 1878 ὥς
505 1805 560 1886 τῆς
583 1803 645 1865 τῶν
666 1799 903 1883 εότυχεστόρων
934 1795 1113 1877 πλεονεξίας
1141 1795 1176 1859 τό
1206 1799 1313 1878 λίχνον
1334 1820 1442 1878 παρα-

339 1906 516 1992 κερδαίνειν
546 1906 668 1982 ε’δόλει,
699 1903 767 1965 α’λλ’
789 1901 833 1975 ὥς
854 1897 883 1963 αἱ
905 1907 1041 1984 σωτῆρες
1068 1901 1124 1983 τῆς
1144 1891 1270 1962 ἄνωθεν
1293 1898 1443 1976 εδταξιλτς

340 2006 570 2092 προστάττουσι
602 2001 690 2083 νόμοι
728 2001 782 2067 τόν
817 1994 941 2066 ἅπαντα
972 1999 1100 2083 χρόνον.
1166 2000 1235 2063 oct·
1268 1997 1285 2061 ό
1316 1998 1486 2085 πλοότρι5

341 2107 501 2189 προύχων,
524 2106 593 2168 οὐδ’
616 2095 728 2192 cdxcii
752 2102 875 2186 ἡλικίαν
895 2102 1123 2185 προβεβηκέναι
1145 2103 1268 2184 ξυνέβη,
1290 2096 1327 2162 τό
1350 2103 1444 2163 πλόον

341 2205 422 2284 όξειν
440 2208 473 2268 δυ
493 2206 619 2282 τούτοις
642 2198 707 2279 οἷός
731 2209 757 2268 τ’
781 2199 821 2266 riu
841 2199 892 2287 εἴη
914 2205 984 2266 εἰιεῖ
1001 2206 1065 2267 τιόν
1085 2203 1230 2284 ἡσσόνων
1242 2202 1310 2263 κατ’
1331 2195 1441 2285 ίίμφω.

277 2338 282 2345 ·
342 2303 426 2389 ταχό
458 2309 545 2387 μέντ’
574 2300 619 2368 όν
645 2305 856 2391 δφαιρεθείη,
889 2300 917 2368 εἰ
947 2329 990 2386 μη
1013 2327 1068 2385 της
1101 2304 1262 2389 κεφαλῆς,
1293 2301 1362 2365 αλλ’
1386 2290 1443 2364 σόν
1509 2368 1510 2387 ἶ

342 2403 445 2472 όπόσα
476 2431 539 2470 των
569 2409 624 2470 τοῦ
649 2403 795 2487 στόματος
823 2407 927 2484 μιλων
957 2403 1038 2468 κατό
1061 2403 1096 2469 τό
1129 2428 1184 2469 ταν
1172 2402 1444 2526 δμαρτηδόντρς
1509 2400 1511 2545 Ι

343 2507 497 2591 ἀνάλογον
525 2529 553 2571 οι
575 2505 663 2588 νόμοι
698 2531 752 2591 της
781 2511 942 2582 πολιτειας
975 2504 1173 2588 νελεόσυσιν,
1208 2497 1294 2577 ὅστις
1326 2499 1486 2580 adsedem

336 2607 569 2695 ιιαπηλεόεινζ
553 2611 700 2672 σπωοοόν
719 2609 855 2697 τολμιόη.
908 2614 963 2675 καί
984 2612 1068 2673 τοῦτ’
1089 2611 1183 2693 ἐστίν,
1203 2604 1309 2690 ἔλεγεν
1327 2609 1446 2680 ἐκείνας
1508 2639 1510 2782 ρ

342 2713 593 2795 trucidatoris,
616 2706 635 2772 ό
655 2711 834 2793 σωζόμενον
860 2716 919 2793 μὲν
940 2715 1104 2798 συνίστησι
1125 2661 1183 2774 ναί
1200 2711 1329 2791 συνέχει
1351 2712 1446 2771 παλι-

343 3114 413 3159 ntum
430 3098 578 3157 induceret.

445 3195 496 3250 Sed
511 3195 577 3263 hacc
596 3196 734 3249 hactenus.
772 3196 823 3247 ilie
841 3211 917 3260 vero,
937 3211 1015 3264 quum
1035 3196 1174 3263 plurimum
1194 3197 1276 3248 otium
1295 3196 1445 3266 ageretvci

344 3270 522 3336 occupatione
544 3270 602 3337 ipsa
619 3268 798 3335 praestantius
818 3268 930 3319 duceret
946 3276 992 3319 tua
1009 3284 1088 3319 causa
1106 3284 1149 3322 me
1168 3267 1260 3319 coiere
1286 3276 1368 3336 atque
1394 3284 1445 3321 ca.

342 3356 413 3405 rure,
433 3354 536 3392 mecum
556 3341 687 3391 circumiit
706 3338 835 3403 insciam,
854 3340 1023 3407 ostenditque
1042 3355 1111 3409 quac
1129 3340 1242 3392 uisenda
1262 3348 1339 3391 erant
1363 3356 1445 3407 quum

343 3412 405 3465 aliis
424 3412 502 3473 locis,
522 3418 575 3461 tum
594 3412 621 3460 in
650 3410 761 3461 theatris
795 3410 862 3462 ioris
886 3411 1001 3463 iudiciis.
1037 3414 1196 3463 monstravit
1214 3424 1295 3479 porro
1313 3411 1389 3475 mihi,
1416 3419 1446 3461 nt
1505 3419 1506 3456 i

342 3484 527 3535 numismatum
541 3490 567 3531 et
585 3490 748 3532 monetarum
758 3483 827 3533 ratio
841 3497 978 3549 peremne
997 3499 1092 3535 acram
1111 3484 1203 3536 eadem
1221 3490 1343 3534 maneret
1353 3495 1445 3551 neque

342 3570 458 3623 unquam
468 3569 503 3604 ne
516 3554 651 3605 minimam
662 3552 766 3621 quidem
776 3562 937 3617 mutaretur3
957 3563 986 3606 ut
1000 3557 1028 3607 in
1041 3555 1205 3622 ponderibus
1214 3559 1293 3622 atquc
1309 3554 1444 3605 mensuris

343 3627 433 3678 omnia
446 3641 535 3677 rerum
554 3624 689 3677 venalium
701 3639 801 3691 genera
815 3626 939 3677 darentur
952 3634 1032 3695 atque
1045 3628 1232 3694 acciperentur
1241 3639 1296 3677 non
1310 3640 1360 3692 pro
1370 3640 1444 3677 ven.
1504 3641 1505 3664 1

343 3698 457 3749 ditorum
472 3698 681 3763 uniuscuiusque
700 3695 858 3761 voluntate,
879 3698 926 3750 sed
939 3700 1081 3761 secundam
1100 3706 1205 3750 vetuste
1224 3698 1342 3749 civitatis
1361 3696 1444 3747 insti.

342 3775 408 3832 tuta,
429 3783 485 3819 non
503 3776 582 3835 prout
600 3768 754 3819 divitiorum
772 3770 885 3820 avaritia
903 3777 930 3819 ct
947 3771 1059 3822 aviditas
1071 3770 1213 3837 plusinsto
1228 3767 1326 3820 lucrari
1345 3766 1442 3829 veliet,

343 3839 391 3893 sed
409 3847 489 3905 prout
507 3838 593 3907 leges,
613 3838 772 3905 disciplinae
789 3856 805 3891 a
823 3841 967 3893 maioribus
985 3842 1054 3892 bene
1070 3842 1221 3906 descriptae
1239 3839 1373 3905 custodes,
1392 3853 1443 3905 per

343 3924 421 3961 omne
431 3918 545 3989 tempus
545 3909 677 3961 iuberent
693 3926 782 3978 neque
794 3912 895 3963 divitiis
907 3912 1044 3965 exceliens
1054 3912 1245 3981 nequeaetatis
1254 3911 1351 3963 robore
1360 3926 1443 3978 prae·
1503 3933 1504 3966 i

289 4040 293 4050 ¹
343 3982 413 4034 ditus
428 3981 465 4032 ibi
486 3996 547 4046 eos,
568 3982 612 4049 qui
627 3982 771 4034 inferiores
785 3992 901 4052 utroque
911 4000 1014 4053 genere
1023 3986 1086 4047 srnt
1107 3982 1189 4035 iacrle
1198 3985 1350 4051 opprimere
1360 3990 1443 4050 atque

343 4054 539 4105 circumvenire
558 4054 659 4120 possit3
681 4070 739 4107 narn
751 4072 795 4124 qur
788 4055 891 4142 leges.
894 4058 1011 4108 civitatis
1024 4055 1069 4107 vel
1087 4057 1321 4123 minimemigrare
1334 4056 1443 4119 audeat,
1502 4069 1503 4076 ¹

342 4125 366 4177 is
380 4126 470 4176 statim
486 4127 509 4177 si
527 4140 581 4177 non
603 4127 699 4193 capite,
721 4136 836 4179 attamen
867 4130 900 4181 iis
920 4128 1044 4179 membris
1074 4128 1194 4193 corporis
1221 4127 1347 4181 multatur
1373 4142 1443 4195 quae

218 4208 231 4229 ⁸
343 4210 392 4263 pro
412 4198 517 4249 ratione
536 4196 628 4249 delicti
647 4198 724 4267 leges
743 4199 845 4253 iubent.
884 4201 968 4267 „haec
985 4199 1067 4261 ratio,
1083 4200 1171 4267 inquit
1188 4199 1259 4263 ille,¹
1267 4199 1348 4250 creda
1366 4199 1442 4262 mihi,

343 4269 366 4323 si
386 4276 524 4334 servatur,
545 4272 684 4341 coniungit
702 4279 782 4339 atque
804 4274 924 4324 continet
943 4270 1067 4322 civitates
1089 4278 1117 4321 et
1134 4270 1224 4337 urbes,
1243 4278 1329 4323 terras
1351 4279 1379 4322 et
1398 4273 1444 4321 in·
1491 4312 1496 4320 ,

343 4338 415 4399 tuias
435 4342 561 4410 privatim
579 4351 659 4413 atquc
677 4342 801 4411 publicc3
821 4346 864 4396 cin
882 4350 970 4395 autern
984 4342 1130 4408 evertitur,
1155 4344 1211 4395 acri
1234 4345 1336 4411 impetn
1363 4344 1443 4395 etiarn
1501 4347 1502 4394 i

343 3034 456 3096 unaque
468 3024 657 3094 chameuniae
676 3028 814 3095 mysteria,
832 3033 1035 3095 quantumcpns
1053 3032 1135 3091 esset,
1153 3026 1316 3093 perscrutari
1334 3026 1364 3080 in
1383 3028 1445 3085 ani.
