3184 5100
311 402 405 523 '508
538 452 542 459 ·
619 406 851 478 'Nicarnom
881 400 1110 484 cataonia
1287 405 1298 450 t

330 576 482 661 τεθνηκὸς
504 573 559 640 οῦκ
581 562 741 641 ἑοάλευσε
756 575 819 637 τῶν
841 570 938 636 αὐτοῦ
951 572 1075 658 φρενοῦν
1091 566 1148 647 τδις
1170 571 1346 658 κρηπῖδας,
1372 569 1454 639 οὐδ’

333 674 478 759 άθυμίαν
500 675 670 760 ἀνήκεστον
692 671 851 763 εῦθυμίας
877 672 1080 750 ἀλλάξασθαι
1103 673 1307 759 προσκοιρου
1331 672 1452 759 παρέ-

278 820 280 827 ›
331 800 453 842 πεισεν·
499 777 566 841 ἀλλ’
590 776 796 857 αὐτοσχέδιον
825 774 1014 859 ξενηλασίαν
1035 772 1307 858 μηχανησάμενος
1331 774 1451 860 αῦθη-

329 876 428 962 μερὸν
450 876 651 964 θρηνούντων
681 876 748 959 ἅμα
778 875 833 941 καὶ
862 873 1070 960 θρηνουσιῦν,
1101 875 1155 939 ἐπὶ
1187 878 1245 960 τῆς
1273 875 1451 962 προτέρας

332 972 427 1055 ιιδθις
449 978 621 1062 κατέστησε
643 976 807 1063 θυμηδίας
823 975 863 1042 τὰ
886 976 1068 1061 πράγματα,
1090 976 1146 1039 καί
1165 975 1471 1061 προσκαλεσάμε-ῐι

332 1104 385 1157 νος
406 1078 487 1163 μετὰ
506 1081 613 1164 τρίτην
635 1082 758 1144 ἐκεῖθεν
780 1078 904 1163 ἡμέραν
923 1074 978 1141 cde
996 1076 1068 1140 νέον
1086 1079 1255 1163 μνηστῆρα
1275 1075 1334 1141 τὸν
1356 1077 1447 1161 βάρ-

331 1187 434 1269 βαρον
455 1182 537 1245 κατά
554 1208 586 1246 τι
613 1185 776 1268 κρατῆσαν
809 1182 884 1257 ἔθος
904 1183 939 1245 ἐκ
959 1184 1115 1258 παλαιοῦ,
1136 1177 1193 1266 τήν
1212 1182 1446 1267 μνηστευομέ-

332 1308 388 1368 νην
416 1282 534 1361 ἔδειξεν
562 1282 649 1370 αὐτῷ
682 1284 779 1368 κόρην
812 1280 892 1367 πρὸς
925 1280 1054 1345 δέκατον
1088 1278 1160 1367 ἄρτι
1191 1284 1446 1368 προβαίνουσαν

266 1384 410 1461 ι*ἔτος
451 1383 570 1449 τούτων
591 1387 619 1449 δ’
634 1381 723 1447 ὀὕτω
751 1383 961 1471 διῳκημένων,
985 1380 1094 1467 ἐπειδή
1108 1375 1164 1467 τῆν
1185 1387 1219 1459 ἐς
1238 1382 1295 1447 τὸν
1315 1383 1443 1450 Ἀστα-

330 1482 423 1570 κηνδν
445 1482 560 1548 κόλπον
593 1481 611 1547 ὅ
638 1482 787 1567 βασιλεῦς
822 1484 936 1568 ἀκήκοε
970 1483 1108 1547 κάθοδον
1136 1484 1170 1547 ἐκ
1199 1482 1348 1558 Νικαίας
1385 1485 1476 1549 codro

324 1584 486 1671 Ὑρκανοῦ,
508 1583 694 1663 ἐξέπλευσεν
725 1582 822 1659 εῦθῦς
858 1584 915 1648 σῦν
937 1608 973 1668 γε
1007 1586 1054 1670 τῷ
1073 1586 1130 1648 τοῦ
1148 1583 1302 1670 Ὑρκανοῦ
1330 1585 1441 1662 παιδί,

329 1687 384 1751 καί
403 1679 458 1770 ῆκε
485 1688 668 1772 δευτεραῖος
698 1687 799 1749 ἐκεῖσε
827 1685 896 1750 καί]
915 1678 1023 1762 οῦτος,
1054 1684 1229 1761 α’ποδιδοῦς
1257 1687 1306 1770 τρῖ
1334 1684 1443 1769 πατρί

328 1785 382 1853 τδν
404 1788 504 1851 παῖδα
526 1788 581 1851 καί
604 1786 671 1869 άμα
695 1786 791 1864 ἀξιοῦν
813 1785 854 1851 τά
875 1787 1021 1870 σάμβολα
1039 1790 1095 1869 τῆς
1116 1788 1271 1870 διαδοχῆς
1292 1788 1354 1870 τῆς
1375 1788 1442 1849 τῶν

236 1892 240 1897 ’
328 1891 480 1952 Βιθυνῶν
505 1888 606 1973 ἀρχῆς
625 1886 761 1972 τήμερον
788 1887 875 1973 adripi
895 1889 1098 1973 ’ἐγχειρίσαω
1153 1890 1277 1953 δίκαιον
1298 1886 1365 1973 γὰρ
1391 1878 1440 1947 εἶ-

327 2014 382 2054 ναι
402 1989 457 2053 καί
489 1986 531 2064 οῦς
565 1992 628 2053 τῶν
659 1984 919 2053 ῦλλων”παι’δων
950 1991 1071 2071 μᾶλλον
1102 1987 1190 2075 αῦτρῦ
1218 1987 1475 2073 dycnmpce'vcp,15

328 2091 384 2154 καί
403 2088 448 2166 οῦς
466 2093 623 2175 μνηστῆρι
643 2094 698 2174 τῆς
715 2088 876 2174 βασιλέως
902 2090 1078 2174 θυγατρός,
1112 2089 1168 2153 καί
1201 2086 1243 2164 οῦς
1274 2088 1357 2174 άξίρι
1381 2091 1440 2172 τῆς

331 2192 434 2277 ἀρχῆς
458 2189 512 2255 διά
532 2212 566 2255 τε
589 2188 624 2255 τῦ
647 2192 792 2275 ἀνδρεῖον
812 2194 868 2273 τῆς
887 2191 1012 2275 γνώμης
1024 2192 1081 2255 καί
1098 2188 1266 2276 ῥωμαλέον
1285 2192 1347 2254 τοῦ
1371 2190 1437 2253 σά-

329 2316 430 2376 ματος
451 2291 506 2357 καί
528 2291 608 2379 πρός
628 2318 663 2379 γε
693 2291 727 2357 cd
758 2296 814 2377 τῆς
845 2292 1030 2377 φρονήσεως
1055 2291 1233 2377 δραστικόν.
1275 2292 1374 2355 τοῦτο
1397 2287 1439 2373 δῆ

330 2388 386 2458 οῦν
408 2394 464 2459 καί
477 2395 577 2458 πάλαι
598 2388 821 2481 βεβουλημένρι
834 2418 867 2458 τε
882 2394 938 2458 καί
951 2394 1192 2478 βεβουλευμένην
1214 2394 1262 2479 τρῖ
1279 2388 1437 2476 Ὑρκανῷ,

329 2496 398 2560 ἐπεί
419 2494 474 2560 καί
495 2492 548 2560 τὸν
568 2498 624 2560 τοῦ
644 2495 803 2576 βασιλέως
823 2493 1036 2578 συμπέπτωκε
1054 2492 1133 2568 τέως
1154 2488 1330 2579 ἐρεθισμδν
1355 2510 1472 2565 συν-ορ

330 2595 421 2680 ερηιόν
450 2599 491 2681 τῇ
520 2582 640 2661 έκείνου
661 2597 758 2681 ταάτη
792 2597 945 2689 βουλήσει
973 2595 1144 2682 γενέσθαι,
1178 2591 1280 2684 ῥᾷστα
1317 2590 1437 2656 λοιπὸν
1502 2630 1503 2641 1

211 2734 231 2776 μ
259 2709 313 2762 15
328 2693 387 2759 καί
403 2693 444 2759 τὰ
463 2699 520 2777 τῆς
543 2696 696 2780 αἰτήσεως
718 2700 908 2782 πεπρᾶχθαι
932 2697 1048 2775 ἔδοξεν.
1091 2695 1169 2762 ὅθεν
1191 2695 1246 2759 καὶ
1268 2719 1434 2778 στρατιω-

274 2803 277 2809 ’
326 2798 388 2860 τεῦν
411 2798 600 2878 Βυζαντίων
624 2799 742 2877 συχνοί
757 2821 854 2875 τινες,
890 2798 945 2862 καί
969 2796 1036 2881 ἅμα
1063 2800 1126 2861 τῶν
1148 2794 1280 2880 εῦγενιῦν
1302 2792 1436 2878 οἷνδροῦν

329 2895 384 2960 οὐκ
408 2895 517 2983 ὀλίγοι,
538 2903 604 2974 τοϊς
631 2899 807 2985 βαρβάρων
832 2900 947 2982 ἀναμίξ
969 2897 1176 2984 στρατιώταις
1206 2895 1260 2960 τὸν
1282 2897 1341 2960 τοῦ
1358 2892 1434 2978 Ὕρ-

196 2993 215 3070 i
225 2991 311 3050 254⁸·
325 2999 424 3060 κανοῦ
444 2996 660 3088 προέπεμψαν
675 3001 786 3075 παῖδα,
803 3001 860 3064 σῦν
872 3024 907 3086 γε
923 3000 1098 3083 κυμβάλοις
1111 2998 1166 3064 καί
1184 2995 1364 3082 τυμπάνοις
1376 2993 1435 3060 καί
1442 3021 1471 3075 25
1502 3038 1503 3041 =

327 3307 352 3359 ei
375 3307 523 3374 persuasit,
553 3315 583 3358 ut
610 3308 743 3360 tristitiem
764 3323 825 3361 cum
850 3309 985 3362 hilaritate
1003 3314 1190 3372 commutaret,
1219 3309 1267 3360 sed
1285 3307 1347 3359 eine
1370 3317 1432 3362 arte

325 3378 372 3430 ubi
391 3378 511 3444 hospitae
530 3378 633 3445 depulit
652 3395 730 3446 quum
751 3381 871 3448 quotidie
890 3388 917 3430 et
935 3381 988 3432 riri
1007 3388 1034 3430 ct
1053 3379 1179 3431 mulieres
1207 3379 1431 3444 lamentarentur,
1502 3442 1503 3449 ρ

326 3449 411 3516 priori
430 3447 558 3500 hilaritati
587 3451 743 3504 retradidit
767 3459 794 3502 et
812 3453 893 3503 tertio
913 3451 956 3502 die
976 3466 1075 3518 eponae
1096 3451 1190 3502 inveni
1218 3449 1331 3502 barbaro
1350 3466 1432 3502 ruore

327 3520 438 3588 quodam
466 3520 576 3587 antiquo
603 3535 725 3588 sponsam
745 3523 861 3573 ostendit
882 3521 1000 3588 puellam
1024 3523 1115 3574 decem
1135 3522 1193 3573 iere
1216 3536 1300 3573 annos
1326 3529 1431 3573 natam.

327 3605 495 3660 quaequam
522 3606 554 3642 eo
587 3600 676 3644 eeacnt
696 3593 805 3656 educta,
825 3609 891 3655 rex,
917 3594 1008 3645 audito
1028 3593 1143 3658 Hyrcani
1162 3594 1262 3644 llicaeu
1290 3593 1322 3662 iu
1336 3594 1432 3644 sinum

326 3665 488 3716 duracmum
509 3663 617 3725 itinere,
637 3665 724 3715 statim
744 3681 803 3714 cum
822 3664 939 3730 Hyrcani
959 3664 1015 3715 lilio
1034 3664 1181 3732 navigavit.
1219 3663 1269 3714 ille
1287 3663 1349 3714 dein
1373 3664 1431 3714 huc

326 3735 411 3786 veuit.
430 3734 528 3786 tradito
550 3735 617 3800 patri
637 3735 692 3786 lilio
721 3736 880 3787 documenta
907 3736 1056 3801 recipiendi
1080 3735 1157 3802 regui
1178 3734 1314 3800 Bithynici
1343 3733 1431 3787 bodie
1502 3672 1504 3821 Ι

327 3807 351 3855 ai
371 3804 439 3855 tradi
458 3804 542 3855 iubet.
562 3806 669 3874 dignum
689 3823 748 3860 ceso
768 3808 869 3875 quippe
888 3807 933 3874 qui
954 3807 1039 3873 magis
1058 3819 1135 3875 quam
1148 3808 1231 3857 ceteri
1250 3805 1331 3856 liberi
1348 3821 1430 3857 arua-
1502 3834 1503 3883 ρ

325 3882 408 3938 retur,
428 3877 527 3942 quippe
546 3878 592 3943 qui
609 3879 681 3944 regis
700 3879 771 3928 liliae
789 3893 903 3943 sponeue
923 3887 1009 3941 esset,
1034 3878 1140 3946 dignum
1170 3893 1230 3929 ease
1252 3891 1338 3944 reguo
1357 3892 1429 3944 pro.
1502 3896 1503 3913 ι

325 3951 385 4010 pter
410 3945 516 3996 virilem
540 3948 653 3998 animum
677 3957 703 3999 ct
728 3950 849 4015 corporis
877 3948 958 3999 robur
984 3957 1011 4000 ct
1041 3957 1174 3999 strenuam
1198 3955 1323 4006 mutem.
1373 3948 1428 3999 boc

326 4014 582 4082 quondamopturat
602 4019 738 4084 Hyrcanos
771 4028 798 4071 ct
826 4020 913 4070 animo
938 4028 993 4070 tum
1019 4019 1166 4082 volvebat,
1186 4033 1265 4086 quum
1284 4018 1357 4069 forte
1377 4035 1429 4086 pcr

241 4083 246 4091 “
324 4100 417 4152 regem
436 4090 597 4140 excitaretur
613 4090 680 4140 illud
696 4091 856 4142 desiderium
870 4091 952 4142 facilc
964 4091 1069 4158 reliqua
1083 4092 1177 4155 petitio
1187 4091 1325 4155 impetrari
1344 4105 1428 4156 pocae

325 4155 384 4208 visa
406 4164 455 4208 est.
493 4157 588 4208 deiude
609 4159 708 4212 milites
728 4161 918 4227 Byzantiorum
944 4163 1020 4213 multi
1040 4163 1144 4229 quidam
1173 4169 1200 4211 et
1217 4160 1350 4211 nobilium
1373 4161 1428 4212 bo.

325 4227 425 4283 minum
444 4241 498 4277 uon
519 4229 594 4292 pauci
615 4245 671 4278 cum
691 4231 864 4286 barbarorum
876 4233 1004 4284 militibus
1022 4234 1097 4284 mixti
1117 4232 1234 4298 Hyrcani
1254 4231 1339 4283 lilium
1359 4247 1429 4298 pro.

240 4293 243 4300 ’
257 4309 266 4328 ’·
280 4309 288 4322 “
326 4297 457 4353 diruerunt
473 4313 531 4350 curn
543 4294 672 4367 cymbalis
685 4310 711 4354 ct
723 4305 854 4372 tympanis
872 4312 898 4355 et
909 4305 979 4376 picto
997 4305 1075 4372 regni
1088 4304 1166 4373 siguo
1177 4317 1262 4370 usque
1279 4302 1312 4355 ad
1333 4303 1428 4364 urbem
1502 4326 1503 4335 ν
