<?xml version="1.0" encoding="UTF-8"?>
<!DOCTYPE html PUBLIC "-//W3C//DTD XHTML 1.0 Transitional//EN"
    "http://www.w3.org/TR/xhtml1/DTD/xhtml1-transitional.dtd">
<html xmlns="http://www.w3.org/1999/xhtml" xml:lang="en" lang="en">
 <head>
  <title>
</title>
<meta http-equiv="Content-Type" content="text/html;charset=utf-8" />
  <meta name='ocr-system' content='tesseract 3.04.00' />
  <meta name='ocr-capabilities' content='ocr_page ocr_carea ocr_par ocr_line ocrx_word'/>
</head>
<body>
  <div class='ocr_page' id='page_1' title='image "./nicephorigregor04schogoog_0404.png"; bbox 0 0 3184 5100; ppageno 0'>
   <div class='ocr_carea' id='block_1_1' title="bbox 1094 312 1171 358">
    <p class='ocr_par' dir='ltr' id='par_1_1' title="bbox 1094 312 1171 358">
     <span class='ocr_line' id='line_1_1' title="bbox 1094 312 1171 358; baseline 0 0"><span class='ocrx_word' id='word_1_1' title='bbox 1094 312 1105 343; x_wconf 49' lang='lat' dir='ltr'>x</span> <span class='ocrx_word' id='word_1_2' title='bbox 1167 354 1171 358; x_wconf 93' lang='lat'>.</span> 
     </span>
    </p>
   </div>
   <div class='ocr_carea' id='block_1_2' title="bbox 258 400 1357 490">
    <p class='ocr_par' dir='ltr' id='par_1_2' title="bbox 258 400 1357 490">
     <span class='ocr_line' id='line_1_2' title="bbox 258 400 1357 490; baseline 0.003 -3"><span class='ocrx_word' id='word_1_3' title='bbox 258 414 481 487; x_wconf 75' lang='lat' dir='ltr'><strong>maronias</strong></span> <span class='ocrx_word' id='word_1_4' title='bbox 508 413 768 485; x_wconf 72' lang='lat' dir='ltr'><strong>anzimunm</strong></span> <span class='ocrx_word' id='word_1_5' title='bbox 791 420 918 487; x_wconf 79' lang='lat' dir='ltr'><strong>xxxii.</strong></span> <span class='ocrx_word' id='word_1_6' title='bbox 939 400 1128 487; x_wconf 73' lang='lat' dir='ltr'><strong>alt-ts.</strong></span> <span class='ocrx_word' id='word_1_7' title='bbox 1198 410 1272 486; x_wconf 78' lang='lat' dir='ltr'><strong><em>sss</em></strong></span> <span class='ocrx_word' id='word_1_8' title='bbox 1350 476 1357 490; x_wconf 88' lang='grc'><strong><em>,</em></strong></span> 
     </span>
    </p>
   </div>
   <div class='ocr_carea' id='block_1_3' title="bbox 73 575 1407 2896">
    <p class='ocr_par' dir='ltr' id='par_1_3' title="bbox 73 575 1399 2896">
     <span class='ocr_line' id='line_1_3' title="bbox 171 575 1367 670; baseline -0.005 -19"><span class='ocrx_word' id='word_1_9' title='bbox 171 608 236 651; x_wconf 83' lang='grc' dir='ltr'><strong><em>νων</em></strong></span> <span class='ocrx_word' id='word_1_10' title='bbox 255 580 367 649; x_wconf 87' lang='grc' dir='ltr'><strong><em>πόθον.</em></strong></span> <span class='ocrx_word' id='word_1_11' title='bbox 421 578 440 645; x_wconf 84' lang='grc' dir='ltr'><strong><em>ό</em></strong></span> <span class='ocrx_word' id='word_1_12' title='bbox 462 579 695 665; x_wconf 41' lang='grc' dir='ltr'><strong><em>δηνκράτιστον</em></strong></span> <span class='ocrx_word' id='word_1_13' title='bbox 714 576 904 665; x_wconf 79' lang='grc' dir='ltr'><strong><em>ὁρμητήριον</em></strong></span> <span class='ocrx_word' id='word_1_14' title='bbox 923 584 968 658; x_wconf 83' lang='grc' dir='ltr'><strong><em>εἷς</em></strong></span> <span class='ocrx_word' id='word_1_15' title='bbox 991 575 1120 665; x_wconf 88' lang='grc' dir='ltr'><strong><em>όιγαλμα</em></strong></span> <span class='ocrx_word' id='word_1_16' title='bbox 1146 588 1272 670; x_wconf 86' lang='grc' dir='ltr'><strong><em>φιλοτι-</em></strong></span> <span class='ocrx_word' id='word_1_17' title='bbox 1361 628 1367 635; x_wconf 92' lang='grc'>-</span> 
     </span>
     <span class='ocr_line' id='line_1_4' title="bbox 172 681 1332 774; baseline -0.004 -23"><span class='ocrx_word' id='word_1_18' title='bbox 172 690 251 769; x_wconf 73' lang='grc' dir='ltr'><strong><em>μάας</em></strong></span> <span class='ocrx_word' id='word_1_19' title='bbox 279 686 400 774; x_wconf 86' lang='grc' dir='ltr'><strong><em>γλάττη</em></strong></span> <span class='ocrx_word' id='word_1_20' title='bbox 420 682 480 750; x_wconf 89' lang='grc' dir='ltr'><strong><em>σόν</em></strong></span> <span class='ocrx_word' id='word_1_21' title='bbox 500 707 535 767; x_wconf 88' lang='grc' dir='ltr'><strong><em>γι</em></strong></span> <span class='ocrx_word' id='word_1_22' title='bbox 557 684 724 772; x_wconf 72' lang='grc' dir='ltr'><strong><em>προθυμίᾳ</em></strong></span> <span class='ocrx_word' id='word_1_23' title='bbox 743 685 852 766; x_wconf 69' lang='grc' dir='ltr'><strong><em>λέγειν</em></strong></span> <span class='ocrx_word' id='word_1_24' title='bbox 874 682 1028 773; x_wconf 78' lang='grc' dir='ltr'><strong><em>ε’θελοόση</em></strong></span> <span class='ocrx_word' id='word_1_25' title='bbox 1051 706 1083 748; x_wconf 88' lang='grc' dir='ltr'><strong><em>τε</em></strong></span> <span class='ocrx_word' id='word_1_26' title='bbox 1109 687 1165 751; x_wconf 78' lang='grc' dir='ltr'><strong><em>κατ’</em></strong></span> <span class='ocrx_word' id='word_1_27' title='bbox 1192 681 1271 768; x_wconf 91' lang='grc' dir='ltr'><strong><em>πρός</em></strong></span> <span class='ocrx_word' id='word_1_28' title='bbox 1327 736 1332 759; x_wconf 80' lang='grc'><strong><em>,</em></strong></span> 
     </span>
     <span class='ocr_line' id='line_1_5' title="bbox 172 783 1073 872; baseline -0.002 -21"><span class='ocrx_word' id='word_1_29' title='bbox 172 785 212 851; x_wconf 90' lang='grc' dir='ltr'><strong><em>τά</em></strong></span> <span class='ocrx_word' id='word_1_30' title='bbox 236 791 403 870; x_wconf 74' lang='grc' dir='ltr'><strong><em>ἐρραμένα</em></strong></span> <span class='ocrx_word' id='word_1_31' title='bbox 424 783 674 871; x_wconf 72' lang='grc' dir='ltr'><strong><em>τῆςόιηγήσειις</em></strong></span> <span class='ocrx_word' id='word_1_32' title='bbox 696 783 852 872; x_wconf 83' lang='grc' dir='ltr'><strong><em>άφοριόση</em></strong></span> <span class='ocrx_word' id='word_1_33' title='bbox 870 788 1073 849; x_wconf 70' lang='grc' dir='ltr'><strong><em>καθίσταται.</em></strong></span> 
     </span>
     <span class='ocr_line' id='line_1_6' title="bbox 73 879 1338 973; baseline -0.002 -20"><span class='ocrx_word' id='word_1_34' title='bbox 73 879 76 890; x_wconf 62' lang='grc'>’</span> <span class='ocrx_word' id='word_1_35' title='bbox 240 940 246 949; x_wconf 76' lang='grc'><strong><em>,</em></strong></span> <span class='ocrx_word' id='word_1_36' title='bbox 270 887 348 973; x_wconf 78' lang='grc' dir='ltr'><strong><em>Ἐγιό</em></strong></span> <span class='ocrx_word' id='word_1_37' title='bbox 371 892 408 956; x_wconf 78' lang='lat' dir='ltr'><strong><em>ds</em></strong></span> <span class='ocrx_word' id='word_1_38' title='bbox 428 912 464 955; x_wconf 92' lang='grc' dir='ltr'><strong><em>σε</em></strong></span> <span class='ocrx_word' id='word_1_39' title='bbox 484 890 539 972; x_wconf 78' lang='grc' dir='ltr'><strong><em>τῆς</em></strong></span> <span class='ocrx_word' id='word_1_40' title='bbox 561 888 625 953; x_wconf 77' lang='grc' dir='ltr'><strong><em>τάν</em></strong></span> <span class='ocrx_word' id='word_1_41' title='bbox 646 885 749 971; x_wconf 88' lang='grc' dir='ltr'><strong><em>λόγιον</em></strong></span> <span class='ocrx_word' id='word_1_42' title='bbox 768 886 945 967; x_wconf 71' lang='grc' dir='ltr'><strong><em>οἰκονομίας</em></strong></span> <span class='ocrx_word' id='word_1_43' title='bbox 967 890 1023 953; x_wconf 85' lang='grc' dir='ltr'><strong><em>καί</em></strong></span> <span class='ocrx_word' id='word_1_44' title='bbox 1036 892 1093 971; x_wconf 82' lang='grc' dir='ltr'><strong><em>τῆς</em></strong></span> <span class='ocrx_word' id='word_1_45' title='bbox 1111 890 1173 953; x_wconf 82' lang='grc' dir='ltr'><strong><em>τάν</em></strong></span> <span class='ocrx_word' id='word_1_46' title='bbox 1195 887 1338 971; x_wconf 64' lang='lat' dir='ltr'><strong>apd-20</strong></span> 
     </span>
     <span class='ocr_line' id='line_1_7' title="bbox 145 980 1276 1076; baseline -0.002 -19"><span class='ocrx_word' id='word_1_47' title='bbox 145 1001 242 1057; x_wconf 86' lang='grc' dir='ltr'><strong><em>5πιον</em></strong></span> <span class='ocrx_word' id='word_1_48' title='bbox 263 989 475 1076; x_wconf 70' lang='grc' dir='ltr'><strong><em>χρηστότητος</em></strong></span> <span class='ocrx_word' id='word_1_49' title='bbox 494 990 645 1066; x_wconf 75' lang='grc' dir='ltr'><strong><em>πολλάκις</em></strong></span> <span class='ocrx_word' id='word_1_50' title='bbox 664 986 851 1069; x_wconf 88' lang='grc' dir='ltr'><strong><em>θαυμάσας,</em></strong></span> <span class='ocrx_word' id='word_1_51' title='bbox 872 980 900 1052; x_wconf 74' lang='lat' dir='ltr'><strong><em>cd</em></strong></span> <span class='ocrx_word' id='word_1_52' title='bbox 921 990 995 1074; x_wconf 82' lang='grc' dir='ltr'><strong><em>φιλε</em></strong></span> <span class='ocrx_word' id='word_1_53' title='bbox 1018 985 1197 1073; x_wconf 79' lang='grc' dir='ltr'><strong><em>Κλεόδημε,</em></strong></span> <span class='ocrx_word' id='word_1_54' title='bbox 1219 992 1276 1055; x_wconf 85' lang='grc' dir='ltr'><strong><em>νόν</em></strong></span> 
     </span>
     <span class='ocr_line' id='line_1_8' title="bbox 73 1086 1276 1178; baseline -0.005 -20"><span class='ocrx_word' id='word_1_55' title='bbox 73 1118 76 1131; x_wconf 89' lang='lat'><em>·</em></span> <span class='ocrx_word' id='word_1_56' title='bbox 172 1097 294 1173; x_wconf 80' lang='grc' dir='ltr'><strong><em>μᾶλλον</em></strong></span> <span class='ocrx_word' id='word_1_57' title='bbox 316 1086 339 1175; x_wconf 76' lang='grc' dir='ltr'><em>ἢ</em></span> <span class='ocrx_word' id='word_1_58' title='bbox 357 1095 510 1178; x_wconf 92' lang='grc' dir='ltr'><strong><em>πρότερον</em></strong></span> <span class='ocrx_word' id='word_1_59' title='bbox 529 1091 588 1175; x_wconf 77' lang='grc' dir='ltr'><strong><em>τὴν</em></strong></span> <span class='ocrx_word' id='word_1_60' title='bbox 609 1096 655 1167; x_wconf 79' lang='grc' dir='ltr'><strong><em>εἰς</em></strong></span> <span class='ocrx_word' id='word_1_61' title='bbox 678 1088 788 1174; x_wconf 79' lang='grc' dir='ltr'><strong><em>βραχό</em></strong></span> <span class='ocrx_word' id='word_1_62' title='bbox 811 1092 1124 1174; x_wconf 78' lang='grc' dir='ltr'><strong><em>συνωθουμὲνηνσιι</em></strong></span> <span class='ocrx_word' id='word_1_63' title='bbox 1145 1087 1276 1155; x_wconf 83' lang='grc' dir='ltr'><strong><em>τάνλά-</em></strong></span> 
     </span>
     <span class='ocr_line' id='line_1_9' title="bbox 73 1181 1276 1276; baseline -0.002 -20"><span class='ocrx_word' id='word_1_64' title='bbox 73 1219 75 1236; x_wconf 90' lang='lat'><em>·</em></span> <span class='ocrx_word' id='word_1_65' title='bbox 173 1216 239 1276; x_wconf 85' lang='grc' dir='ltr'><strong><em>γιον</em></strong></span> <span class='ocrx_word' id='word_1_66' title='bbox 266 1185 391 1275; x_wconf 82' lang='grc' dir='ltr'><strong><em>όγαμαι</em></strong></span> <span class='ocrx_word' id='word_1_67' title='bbox 413 1190 531 1257; x_wconf 73' lang='grc' dir='ltr'><strong><em>πειθώ.</em></strong></span> <span class='ocrx_word' id='word_1_68' title='bbox 583 1193 675 1257; x_wconf 76' lang='grc' dir='ltr'><strong><em>ταῦτ’</em></strong></span> <span class='ocrx_word' id='word_1_69' title='bbox 708 1181 772 1275; x_wconf 84' lang='grc' dir='ltr'><strong><em>άρα</em></strong></span> <span class='ocrx_word' id='word_1_70' title='bbox 793 1194 850 1255; x_wconf 76' lang='grc' dir='ltr'><strong><em>κατ’</em></strong></span> <span class='ocrx_word' id='word_1_71' title='bbox 878 1187 924 1273; x_wconf 77' lang='grc' dir='ltr'><strong><em>μή</em></strong></span> <span class='ocrx_word' id='word_1_72' title='bbox 954 1194 1065 1255; x_wconf 70' lang='grc' dir='ltr'><strong><em>λυπεῖν</em></strong></span> <span class='ocrx_word' id='word_1_73' title='bbox 1094 1186 1214 1255; x_wconf 72' lang='grc' dir='ltr'><strong><em>ἐθέλων</em></strong></span> <span class='ocrx_word' id='word_1_74' title='bbox 1238 1185 1276 1254; x_wconf 80' lang='grc' dir='ltr'><strong><em>όν</em></strong></span> 
     </span>
     <span class='ocr_line' id='line_1_10' title="bbox 73 1292 1277 1377; baseline 0.002 -21"><span class='ocrx_word' id='word_1_75' title='bbox 73 1321 74 1336; x_wconf 54' lang='lat'>¹</span> <span class='ocrx_word' id='word_1_76' title='bbox 172 1292 365 1375; x_wconf 81' lang='grc' dir='ltr'><strong><em>θεραπεόειν</em></strong></span> <span class='ocrx_word' id='word_1_77' title='bbox 380 1293 511 1377; x_wconf 77' lang='grc' dir='ltr'><strong><em>εἶλόμην</em></strong></span> <span class='ocrx_word' id='word_1_78' title='bbox 529 1298 584 1376; x_wconf 74' lang='grc' dir='ltr'><strong><em>σέ,</em></strong></span> <span class='ocrx_word' id='word_1_79' title='bbox 606 1295 673 1377; x_wconf 88' lang='grc' dir='ltr'><strong><em>εριό</em></strong></span> <span class='ocrx_word' id='word_1_80' title='bbox 701 1296 772 1374; x_wconf 74' lang='grc' dir='ltr'><strong><em>μέν,</em></strong></span> <span class='ocrx_word' id='word_1_81' title='bbox 800 1296 915 1376; x_wconf 84' lang='grc' dir='ltr'><strong><em>μέτρια</em></strong></span> <span class='ocrx_word' id='word_1_82' title='bbox 942 1293 971 1356; x_wconf 80' lang='grc' dir='ltr'><strong><em>δ’</em></strong></span> <span class='ocrx_word' id='word_1_83' title='bbox 1003 1292 1038 1355; x_wconf 72' lang='grc' dir='ltr'><strong><em>ἐκ</em></strong></span> <span class='ocrx_word' id='word_1_84' title='bbox 1059 1294 1202 1371; x_wconf 78' lang='grc' dir='ltr'><strong><em>πολλάν,</em></strong></span> <span class='ocrx_word' id='word_1_85' title='bbox 1222 1294 1277 1358; x_wconf 85' lang='grc' dir='ltr'><strong><em>καί</em></strong></span> 
     </span>
     <span class='ocr_line' id='line_1_11' title="bbox 73 1392 1275 1486; baseline 0 -29"><span class='ocrx_word' id='word_1_86' title='bbox 73 1425 74 1434; x_wconf 46' lang='lat'>¹</span> <span class='ocrx_word' id='word_1_87' title='bbox 175 1418 236 1458; x_wconf 93' lang='grc' dir='ltr'><strong><em>οσα</em></strong></span> <span class='ocrx_word' id='word_1_88' title='bbox 259 1393 418 1476; x_wconf 79' lang='grc' dir='ltr'><strong><em>άναγκαῐα</em></strong></span> <span class='ocrx_word' id='word_1_89' title='bbox 439 1395 479 1481; x_wconf 79' lang='grc' dir='ltr'><strong><em>τῇ</em></strong></span> <span class='ocrx_word' id='word_1_90' title='bbox 498 1399 594 1486; x_wconf 69' lang='grc' dir='ltr'><strong><em>χρείη</em></strong></span> <span class='ocrx_word' id='word_1_91' title='bbox 614 1421 666 1461; x_wconf 91' lang='grc' dir='ltr'><strong><em>και</em></strong></span> <span class='ocrx_word' id='word_1_92' title='bbox 689 1398 735 1483; x_wconf 74' lang='lat' dir='ltr'><strong><em>spi</em></strong></span> <span class='ocrx_word' id='word_1_93' title='bbox 750 1396 862 1481; x_wconf 79' lang='grc' dir='ltr'><strong><em>καιρῷ,</em></strong></span> <span class='ocrx_word' id='word_1_94' title='bbox 884 1396 941 1477; x_wconf 83' lang='grc' dir='ltr'><strong><em>σῆς</em></strong></span> <span class='ocrx_word' id='word_1_95' title='bbox 955 1416 990 1458; x_wconf 85' lang='grc' dir='ltr'><strong><em>τε</em></strong></span> <span class='ocrx_word' id='word_1_96' title='bbox 1013 1392 1201 1480; x_wconf 75' lang='grc' dir='ltr'><strong><em>ω’φελεάας“</em></strong></span> <span class='ocrx_word' id='word_1_97' title='bbox 1185 1417 1275 1457; x_wconf 88' lang='grc' dir='ltr'><strong><em>ενεκα</em></strong></span> 
     </span>
     <span class='ocr_line' id='line_1_12' title="bbox 127 1487 1275 1614; baseline -0.004 -49"><span class='ocrx_word' id='word_1_98' title='bbox 127 1510 166 1565; x_wconf 83' lang='lat'><strong><em>10</em></strong></span> <span class='ocrx_word' id='word_1_99' title='bbox 174 1520 227 1560; x_wconf 89' lang='grc' dir='ltr'><strong><em>και</em></strong></span> <span class='ocrx_word' id='word_1_100' title='bbox 239 1487 307 1575; x_wconf 85' lang='grc' dir='ltr'><strong><em>άμα</em></strong></span> <span class='ocrx_word' id='word_1_101' title='bbox 327 1520 391 1560; x_wconf 87' lang='grc' dir='ltr'><strong><em>τιον</em></strong></span> <span class='ocrx_word' id='word_1_102' title='bbox 403 1498 693 1582; x_wconf 81' lang='grc' dir='ltr'><strong><em>σιιπαραπλησίως</em></strong></span> <span class='ocrx_word' id='word_1_103' title='bbox 714 1491 950 1614; x_wconf 31' lang='grc' dir='ltr'><strong><em>αἱρουμένων]</em></strong></span> <span class='ocrx_word' id='word_1_104' title='bbox 927 1491 1055 1561; x_wconf 91' lang='grc' dir='ltr'><strong><em>ακοόειν</em></strong></span> <span class='ocrx_word' id='word_1_105' title='bbox 1073 1496 1275 1565; x_wconf 65' lang='lat' dir='ltr'><strong>camalduli</strong></span> 
     </span>
     <span class='ocr_line' id='line_1_13' title="bbox 174 1592 1277 1682; baseline 0.001 -24"><span class='ocrx_word' id='word_1_106' title='bbox 174 1596 348 1669; x_wconf 80' lang='grc' dir='ltr'><strong><em>κάλλιυς’</em></strong></span> <span class='ocrx_word' id='word_1_107' title='bbox 332 1595 454 1661; x_wconf 79' lang='grc' dir='ltr'><strong><em>εκεόνου</em></strong></span> <span class='ocrx_word' id='word_1_108' title='bbox 476 1594 646 1679; x_wconf 89' lang='grc' dir='ltr'><strong><em>γυμνιόσας</em></strong></span> <span class='ocrx_word' id='word_1_109' title='bbox 666 1594 722 1681; x_wconf 80' lang='grc' dir='ltr'><strong><em>τήν</em></strong></span> <span class='ocrx_word' id='word_1_110' title='bbox 743 1593 864 1682; x_wconf 81' lang='grc' dir='ltr'><strong><em>φράσιν</em></strong></span> <span class='ocrx_word' id='word_1_111' title='bbox 894 1593 1011 1673; x_wconf 89' lang='grc' dir='ltr'><strong><em>παντός</em></strong></span> <span class='ocrx_word' id='word_1_112' title='bbox 1033 1592 1086 1661; x_wconf 83' lang='grc' dir='ltr'><strong><em>διά</em></strong></span> <span class='ocrx_word' id='word_1_113' title='bbox 1109 1618 1142 1661; x_wconf 86' lang='grc' dir='ltr'><strong><em>τι</em></strong></span> <span class='ocrx_word' id='word_1_114' title='bbox 1163 1598 1199 1661; x_wconf 79' lang='grc' dir='ltr'><strong><em>σὲ</em></strong></span> <span class='ocrx_word' id='word_1_115' title='bbox 1221 1593 1277 1661; x_wconf 86' lang='grc' dir='ltr'><strong><em>και</em></strong></span> 
     </span>
     <span class='ocr_line' id='line_1_14' title="bbox 175 1691 1276 1783; baseline 0.001 -23"><span class='ocrx_word' id='word_1_116' title='bbox 175 1691 246 1763; x_wconf 77' lang='lat' dir='ltr'><strong>liam</strong></span> <span class='ocrx_word' id='word_1_117' title='bbox 266 1699 345 1762; x_wconf 93' lang='grc' dir='ltr'><strong><em>κατά</em></strong></span> <span class='ocrx_word' id='word_1_118' title='bbox 364 1720 411 1779; x_wconf 91' lang='grc' dir='ltr'><strong><em>σε,</em></strong></span> <span class='ocrx_word' id='word_1_119' title='bbox 433 1699 649 1783; x_wconf 74' lang='grc' dir='ltr'><strong><em>ἔστενοιμόνην</em></strong></span> <span class='ocrx_word' id='word_1_120' title='bbox 669 1724 722 1764; x_wconf 90' lang='grc' dir='ltr'><strong><em>και</em></strong></span> <span class='ocrx_word' id='word_1_121' title='bbox 718 1697 958 1781; x_wconf 73' lang='grc' dir='ltr'><strong><em>άπλουστόραν</em></strong></span> <span class='ocrx_word' id='word_1_122' title='bbox 972 1700 1125 1783; x_wconf 76' lang='grc' dir='ltr'><strong><em>πριθείην</em></strong></span> <span class='ocrx_word' id='word_1_123' title='bbox 1145 1719 1197 1762; x_wconf 93' lang='grc' dir='ltr'><strong><em>σοι</em></strong></span> <span class='ocrx_word' id='word_1_124' title='bbox 1218 1720 1276 1779; x_wconf 88' lang='grc' dir='ltr'><strong><em>την</em></strong></span> 
     </span>
     <span class='ocr_line' id='line_1_15' title="bbox 175 1796 1277 1923; baseline -0.003 -61"><span class='ocrx_word' id='word_1_125' title='bbox 175 1799 347 1916; x_wconf 74' lang='grc' dir='ltr'><strong><em>αἠἠγησιν,</em></strong></span> <span class='ocrx_word' id='word_1_126' title='bbox 366 1799 500 1879; x_wconf 70' lang='grc' dir='ltr'><strong><em>άναξιιις</em></strong></span> <span class='ocrx_word' id='word_1_127' title='bbox 520 1803 579 1879; x_wconf 78' lang='grc' dir='ltr'><strong><em>μὲν</em></strong></span> <span class='ocrx_word' id='word_1_128' title='bbox 589 1804 644 1882; x_wconf 79' lang='grc' dir='ltr'><strong><em>τῆς</em></strong></span> <span class='ocrx_word' id='word_1_129' title='bbox 656 1804 701 1887; x_wconf 73' lang='grc' dir='ltr'><strong><em>τῷ</em></strong></span> <span class='ocrx_word' id='word_1_130' title='bbox 710 1802 742 1865; x_wconf 88' lang='grc' dir='ltr'><strong><em>Γ</em></strong></span> <span class='ocrx_word' id='word_1_131' title='bbox 739 1822 858 1886; x_wconf 90' lang='grc' dir='ltr'><strong><em>ρηγορα</em></strong></span> <span class='ocrx_word' id='word_1_132' title='bbox 845 1796 1074 1923; x_wconf 90' lang='grc' dir='ltr'><strong><em>καθηκιόσης</em></strong></span> <span class='ocrx_word' id='word_1_133' title='bbox 1086 1797 1174 1884; x_wconf 79' lang='grc' dir='ltr'><strong><em>δόξης</em></strong></span> <span class='ocrx_word' id='word_1_134' title='bbox 1195 1820 1277 1863; x_wconf 89' lang='grc' dir='ltr'><strong><em>παν.</em></strong></span> 
     </span>
     <span class='ocr_line' id='line_1_16' title="bbox 175 1895 1276 2019; baseline 0 -56"><span class='ocrx_word' id='word_1_135' title='bbox 175 1895 291 1965; x_wconf 89' lang='grc' dir='ltr'><strong><em>τάπασι</em></strong></span> <span class='ocrx_word' id='word_1_136' title='bbox 302 1901 408 1984; x_wconf 85' lang='grc' dir='ltr'><strong><em>δρτόν,</em></strong></span> <span class='ocrx_word' id='word_1_137' title='bbox 431 1901 565 1979; x_wconf 78' lang='grc' dir='ltr'><strong><em>άναξόιος</em></strong></span> <span class='ocrx_word' id='word_1_138' title='bbox 596 1902 626 1965; x_wconf 82' lang='grc' dir='ltr'><strong><em>δ’</em></strong></span> <span class='ocrx_word' id='word_1_139' title='bbox 647 1902 747 1977; x_wconf 82' lang='grc' dir='ltr'><strong><em>εἴτις</em></strong></span> <span class='ocrx_word' id='word_1_140' title='bbox 778 1925 829 1985; x_wconf 89' lang='grc' dir='ltr'><strong><em>ειη</em></strong></span> <span class='ocrx_word' id='word_1_141' title='bbox 853 1900 952 1983; x_wconf 85' lang='grc' dir='ltr'><strong><em>κάμιί</em></strong></span> <span class='ocrx_word' id='word_1_142' title='bbox 967 1898 1143 1986; x_wconf 85' lang='grc' dir='ltr'><strong><em>σόντροφις</em></strong></span> <span class='ocrx_word' id='word_1_143' title='bbox 1165 1898 1276 2019; x_wconf 85' lang='grc' dir='ltr'><strong><em>γνιόμη</em></strong></span> 
     </span>
     <span class='ocr_line' id='line_1_17' title="bbox 128 1996 1279 2089; baseline -0.003 -22"><span class='ocrx_word' id='word_1_144' title='bbox 128 2013 208 2068; x_wconf 73' lang='lat' dir='ltr'><strong>lira</strong></span> <span class='ocrx_word' id='word_1_145' title='bbox 230 2028 283 2067; x_wconf 88' lang='grc' dir='ltr'><strong><em>και</em></strong></span> <span class='ocrx_word' id='word_1_146' title='bbox 279 2000 500 2081; x_wconf 56' lang='grc' dir='ltr'><strong><em>ι’“’παιόεια,</em></strong></span> <span class='ocrx_word' id='word_1_147' title='bbox 472 2028 542 2088; x_wconf 90' lang='grc' dir='ltr'><strong><em>ιορα</em></strong></span> <span class='ocrx_word' id='word_1_148' title='bbox 564 2026 616 2069; x_wconf 91' lang='grc' dir='ltr'><strong><em>σοι</em></strong></span> <span class='ocrx_word' id='word_1_149' title='bbox 638 2006 754 2068; x_wconf 81' lang='grc' dir='ltr'><strong><em>ε’ννοελν</em></strong></span> <span class='ocrx_word' id='word_1_150' title='bbox 773 2005 848 2068; x_wconf 71' lang='grc' dir='ltr'><strong><em>τίνα</em></strong></span> <span class='ocrx_word' id='word_1_151' title='bbox 857 2003 941 2067; x_wconf 76' lang='grc' dir='ltr'><strong><em>ποτὲ</em></strong></span> <span class='ocrx_word' id='word_1_152' title='bbox 963 2000 1017 2066; x_wconf 76' lang='grc' dir='ltr'><strong><em>κατ’</em></strong></span> <span class='ocrx_word' id='word_1_153' title='bbox 1040 1996 1116 2087; x_wconf 82' lang='grc' dir='ltr'><strong><em>ὅσην</em></strong></span> <span class='ocrx_word' id='word_1_154' title='bbox 1140 2000 1197 2084; x_wconf 82' lang='grc' dir='ltr'><strong><em>τὴν</em></strong></span> <span class='ocrx_word' id='word_1_155' title='bbox 1217 1996 1279 2089; x_wconf 80' lang='grc' dir='ltr'><strong><em>ση“ν</em></strong></span> 
     </span>
     <span class='ocr_line' id='line_1_18' title="bbox 174 2102 1407 2225; baseline -0.002 -57"><span class='ocrx_word' id='word_1_156' title='bbox 174 2128 209 2169; x_wconf 87' lang='grc' dir='ltr'><strong><em>εν</em></strong></span> <span class='ocrx_word' id='word_1_157' title='bbox 228 2112 293 2180; x_wconf 76' lang='grc' dir='ltr'><strong><em>τοῖς</em></strong></span> <span class='ocrx_word' id='word_1_158' title='bbox 311 2130 365 2225; x_wconf 82' lang='grc' dir='ltr'><strong><em>της</em></strong></span> <span class='ocrx_word' id='word_1_159' title='bbox 386 2107 467 2188; x_wconf 73' lang='grc' dir='ltr'><strong><em>ἐμῆς</em></strong></span> <span class='ocrx_word' id='word_1_160' title='bbox 488 2107 622 2193; x_wconf 75' lang='grc' dir='ltr'><strong><em>καρδίας</em></strong></span> <span class='ocrx_word' id='word_1_161' title='bbox 648 2104 907 2189; x_wconf 83' lang='grc' dir='ltr'><strong><em>τεθησαόρισμαι</em></strong></span> <span class='ocrx_word' id='word_1_162' title='bbox 928 2102 1056 2180; x_wconf 85' lang='grc' dir='ltr'><strong><em>κόλποις</em></strong></span> <span class='ocrx_word' id='word_1_163' title='bbox 1081 2106 1204 2188; x_wconf 49' lang='grc' dir='ltr'><strong><em>φιλιᾝαν</em></strong></span> <span class='ocrx_word' id='word_1_164' title='bbox 1247 2104 1305 2173; x_wconf 76' lang='lat' dir='ltr'><strong>alr.</strong></span> <span class='ocrx_word' id='word_1_165' title='bbox 1320 2112 1407 2174; x_wconf 66' lang='grc' dir='ltr'><strong><em>λόον.</em></strong></span> 
     </span>
     <span class='ocr_line' id='line_1_19' title="bbox 175 2200 1275 2295; baseline 0.001 -25"><span class='ocrx_word' id='word_1_166' title='bbox 175 2208 211 2270; x_wconf 77' lang='lat' dir='ltr'><strong><em>dl</em></strong></span> <span class='ocrx_word' id='word_1_167' title='bbox 232 2210 288 2269; x_wconf 86' lang='grc' dir='ltr'><strong><em>καί</em></strong></span> <span class='ocrx_word' id='word_1_168' title='bbox 306 2232 352 2289; x_wconf 91' lang='grc' dir='ltr'><strong><em>μη</em></strong></span> <span class='ocrx_word' id='word_1_169' title='bbox 374 2200 413 2269; x_wconf 85' lang='grc' dir='ltr'><strong><em>σό</em></strong></span> <span class='ocrx_word' id='word_1_170' title='bbox 436 2206 530 2271; x_wconf 92' lang='grc' dir='ltr'><strong><em>κατά</em></strong></span> <span class='ocrx_word' id='word_1_171' title='bbox 538 2205 594 2271; x_wconf 92' lang='grc' dir='ltr'><strong><em>τόν</em></strong></span> <span class='ocrx_word' id='word_1_172' title='bbox 626 2205 704 2272; x_wconf 90' lang='grc' dir='ltr'><strong><em>σόν</em></strong></span> <span class='ocrx_word' id='word_1_173' title='bbox 713 2205 862 2295; x_wconf 79' lang='grc' dir='ltr'><strong><em>α’παντρόη</em></strong></span> <span class='ocrx_word' id='word_1_174' title='bbox 894 2204 1009 2271; x_wconf 87' lang='grc' dir='ltr'><strong><em>σκοπόν</em></strong></span> <span class='ocrx_word' id='word_1_175' title='bbox 1028 2232 1046 2270; x_wconf 94' lang='lat' dir='ltr'><strong>o</strong></span> <span class='ocrx_word' id='word_1_176' title='bbox 1035 2204 1164 2288; x_wconf 88' lang='grc' dir='ltr'><strong><em>λόγος,</em></strong></span> <span class='ocrx_word' id='word_1_177' title='bbox 1186 2204 1275 2271; x_wconf 82' lang='grc' dir='ltr'><strong><em>σεδ</em></strong></span> 
     </span>
     <span class='ocr_line' id='line_1_20' title="bbox 174 2306 1274 2392; baseline 0.001 -22"><span class='ocrx_word' id='word_1_178' title='bbox 174 2308 366 2390; x_wconf 80' lang='grc' dir='ltr'><strong><em>άνεμόσητον</em></strong></span> <span class='ocrx_word' id='word_1_179' title='bbox 406 2306 479 2387; x_wconf 68' lang='lat' dir='ltr'><strong>ipos*</strong></span> <span class='ocrx_word' id='word_1_180' title='bbox 502 2333 561 2390; x_wconf 89' lang='grc' dir='ltr'><strong><em>την</em></strong></span> <span class='ocrx_word' id='word_1_181' title='bbox 592 2306 745 2392; x_wconf 81' lang='grc' dir='ltr'><strong><em>πρόθεσιν</em></strong></span> <span class='ocrx_word' id='word_1_182' title='bbox 780 2332 838 2390; x_wconf 87' lang='grc' dir='ltr'><strong><em>της</em></strong></span> <span class='ocrx_word' id='word_1_183' title='bbox 874 2311 983 2392; x_wconf 82' lang='grc' dir='ltr'><strong><em>ψυχης</em></strong></span> <span class='ocrx_word' id='word_1_184' title='bbox 1013 2330 1070 2373; x_wconf 91' lang='grc' dir='ltr'><strong><em>σιυ</em></strong></span> <span class='ocrx_word' id='word_1_185' title='bbox 1102 2307 1274 2392; x_wconf 82' lang='grc' dir='ltr'><strong><em>φυλάττειν</em></strong></span> 
     </span>
     <span class='ocr_line' id='line_1_21' title="bbox 74 2396 1334 2493; baseline 0.002 -22"><span class='ocrx_word' id='word_1_186' title='bbox 74 2396 82 2417; x_wconf 73' lang='grc'><strong>“</strong></span> <span class='ocrx_word' id='word_1_187' title='bbox 173 2404 290 2489; x_wconf 86' lang='grc' dir='ltr'><strong><em>χρειόν.</em></strong></span> <span class='ocrx_word' id='word_1_188' title='bbox 340 2404 376 2472; x_wconf 92' lang='grc' dir='ltr'><strong><em>τό</em></strong></span> <span class='ocrx_word' id='word_1_189' title='bbox 408 2412 469 2490; x_wconf 78' lang='grc' dir='ltr'><strong><em>μὲν</em></strong></span> <span class='ocrx_word' id='word_1_190' title='bbox 490 2405 552 2491; x_wconf 89' lang='grc' dir='ltr'><strong><em>γάρ</em></strong></span> <span class='ocrx_word' id='word_1_191' title='bbox 582 2404 645 2472; x_wconf 84' lang='grc' dir='ltr'><strong><em>όπό</em></strong></span> <span class='ocrx_word' id='word_1_192' title='bbox 668 2406 768 2493; x_wconf 82' lang='grc' dir='ltr'><strong><em>τόχης</em></strong></span> <span class='ocrx_word' id='word_1_193' title='bbox 789 2408 833 2485; x_wconf 76' lang='grc' dir='ltr'><strong><em>ὥς</em></strong></span> <span class='ocrx_word' id='word_1_194' title='bbox 854 2406 893 2475; x_wconf 87' lang='grc' dir='ltr'><strong><em>τό</em></strong></span> <span class='ocrx_word' id='word_1_195' title='bbox 916 2407 1015 2473; x_wconf 90' lang='grc' dir='ltr'><strong><em>πολλά</em></strong></span> <span class='ocrx_word' id='word_1_196' title='bbox 1049 2413 1276 2491; x_wconf 72' lang='grc' dir='ltr'><strong><em>τυραννεῖσθαι</em></strong></span> <span class='ocrx_word' id='word_1_197' title='bbox 1331 2480 1334 2489; x_wconf 44' lang='grc'><strong><em>,</em></strong></span> 
     </span>
     <span class='ocr_line' id='line_1_22' title="bbox 125 2501 1277 2596; baseline -0.001 -22"><span class='ocrx_word' id='word_1_198' title='bbox 125 2512 363 2592; x_wconf 67' lang='grc' dir='ltr'><strong><em>λθσυμβαίνει,</em></strong></span> <span class='ocrx_word' id='word_1_199' title='bbox 396 2501 501 2575; x_wconf 74' lang='grc' dir='ltr'><strong><em>ἄλλοτ’</em></strong></span> <span class='ocrx_word' id='word_1_200' title='bbox 525 2503 606 2574; x_wconf 85' lang='grc' dir='ltr'><strong><em>άλλα</em></strong></span> <span class='ocrx_word' id='word_1_201' title='bbox 636 2512 823 2596; x_wconf 72' lang='grc' dir='ltr'><strong><em>κεκτημένης</em></strong></span> <span class='ocrx_word' id='word_1_202' title='bbox 855 2508 911 2574; x_wconf 86' lang='grc' dir='ltr'><strong><em>καί</em></strong></span> <span class='ocrx_word' id='word_1_203' title='bbox 931 2504 1112 2594; x_wconf 82' lang='grc' dir='ltr'><strong><em>άσόμφανα</em></strong></span> <span class='ocrx_word' id='word_1_204' title='bbox 1134 2505 1173 2574; x_wconf 92' lang='grc' dir='ltr'><strong><em>τά</em></strong></span> <span class='ocrx_word' id='word_1_205' title='bbox 1198 2505 1277 2596; x_wconf 78' lang='grc' dir='ltr'><strong><em>ἐφό-</em></strong></span> 
     </span>
     <span class='ocr_line' id='line_1_23' title="bbox 175 2607 1277 2696; baseline 0 -22"><span class='ocrx_word' id='word_1_206' title='bbox 175 2613 250 2674; x_wconf 82' lang='grc' dir='ltr'><strong><em>όια·</em></strong></span> <span class='ocrx_word' id='word_1_207' title='bbox 292 2609 329 2674; x_wconf 93' lang='grc' dir='ltr'><strong><em>τό</em></strong></span> <span class='ocrx_word' id='word_1_208' title='bbox 355 2612 401 2691; x_wconf 73' lang='grc' dir='ltr'><strong><em>δέ,</em></strong></span> <span class='ocrx_word' id='word_1_209' title='bbox 426 2610 507 2679; x_wconf 88' lang='grc' dir='ltr'><strong><em>άλλά</em></strong></span> <span class='ocrx_word' id='word_1_210' title='bbox 531 2613 587 2676; x_wconf 78' lang='grc' dir='ltr'><strong><em>καί</em></strong></span> <span class='ocrx_word' id='word_1_211' title='bbox 604 2615 697 2676; x_wconf 77' lang='grc' dir='ltr'><strong><em>τοῦτο</em></strong></span> <span class='ocrx_word' id='word_1_212' title='bbox 716 2611 817 2696; x_wconf 86' lang='grc' dir='ltr'><strong><em>μόνην</em></strong></span> <span class='ocrx_word' id='word_1_213' title='bbox 834 2609 889 2696; x_wconf 76' lang='grc' dir='ltr'><strong><em>τὴν</em></strong></span> <span class='ocrx_word' id='word_1_214' title='bbox 901 2613 1100 2694; x_wconf 88' lang='grc' dir='ltr'><strong><em>προθεσμιάν</em></strong></span> <span class='ocrx_word' id='word_1_215' title='bbox 1120 2608 1177 2674; x_wconf 77' lang='grc' dir='ltr'><strong><em>κατ’</em></strong></span> <span class='ocrx_word' id='word_1_216' title='bbox 1189 2607 1277 2694; x_wconf 79' lang='grc' dir='ltr'><strong><em>πρά·</em></strong></span> 
     </span>
     <span class='ocr_line' id='line_1_24' title="bbox 174 2709 1278 2796; baseline -0.001 -21"><span class='ocrx_word' id='word_1_217' title='bbox 174 2734 232 2794; x_wconf 91' lang='grc' dir='ltr'><strong><em>την</em></strong></span> <span class='ocrx_word' id='word_1_218' title='bbox 252 2709 372 2795; x_wconf 74' lang='grc' dir='ltr'><strong><em>κίνησιν</em></strong></span> <span class='ocrx_word' id='word_1_219' title='bbox 394 2714 452 2794; x_wconf 80' lang='grc' dir='ltr'><strong><em>τῆς</em></strong></span> <span class='ocrx_word' id='word_1_220' title='bbox 482 2714 592 2795; x_wconf 74' lang='grc' dir='ltr'><strong><em>ψυχῆς</em></strong></span> <span class='ocrx_word' id='word_1_221' title='bbox 622 2710 667 2788; x_wconf 85' lang='grc' dir='ltr'><strong><em>σός</em></strong></span> <span class='ocrx_word' id='word_1_222' title='bbox 692 2710 747 2776; x_wconf 83' lang='grc' dir='ltr'><strong><em>ε’πί</em></strong></span> <span class='ocrx_word' id='word_1_223' title='bbox 771 2709 957 2796; x_wconf 88' lang='grc' dir='ltr'><strong><em>πλάστιγγος</em></strong></span> <span class='ocrx_word' id='word_1_224' title='bbox 983 2710 1142 2795; x_wconf 82' lang='grc' dir='ltr'><strong><em>άρρεπιός</em></strong></span> <span class='ocrx_word' id='word_1_225' title='bbox 1164 2731 1197 2774; x_wconf 91' lang='grc' dir='ltr'><strong><em>τε</em></strong></span> <span class='ocrx_word' id='word_1_226' title='bbox 1223 2714 1278 2774; x_wconf 77' lang='grc' dir='ltr'><strong><em>καὶ</em></strong></span> 
     </span>
     <span class='ocr_line' id='line_1_25' title="bbox 174 2810 764 2896; baseline 0.005 -23"><span class='ocrx_word' id='word_1_227' title='bbox 174 2813 375 2896; x_wconf 75' lang='grc' dir='ltr'><strong><em>θεοπρεποῦς</em></strong></span> <span class='ocrx_word' id='word_1_228' title='bbox 395 2810 649 2888; x_wconf 82' lang='grc' dir='ltr'><strong><em>ταλαντεόεσθαι</em></strong></span> <span class='ocrx_word' id='word_1_229' title='bbox 670 2812 764 2892; x_wconf 83' lang='grc' dir='ltr'><strong><em>άξιοῖ.</em></strong></span> 
     </span>
    </p>
   </div>
   <div class='ocr_carea' id='block_1_4' title="bbox 174 3153 1277 3385">
    <p class='ocr_par' dir='ltr' id='par_1_4' title="bbox 174 3153 1277 3385">
     <span class='ocr_line' id='line_1_26' title="bbox 174 3153 1277 3244; baseline -0.003 -16"><span class='ocrx_word' id='word_1_230' title='bbox 174 3174 247 3244; x_wconf 82' lang='lat' dir='ltr'><strong>quod</strong></span> <span class='ocrx_word' id='word_1_231' title='bbox 274 3153 454 3226; x_wconf 67' lang='lat' dir='ltr'><strong><em>narrationem</em></strong></span> <span class='ocrx_word' id='word_1_232' title='bbox 481 3171 657 3226; x_wconf 80' lang='lat' dir='ltr'><strong>veliementer</strong></span> <span class='ocrx_word' id='word_1_233' title='bbox 681 3174 845 3226; x_wconf 89' lang='lat' dir='ltr'><strong>desiderant.</strong></span> <span class='ocrx_word' id='word_1_234' title='bbox 881 3173 908 3226; x_wconf 92' lang='lat' dir='ltr'><strong><em>id</em></strong></span> <span class='ocrx_word' id='word_1_235' title='bbox 936 3172 1015 3226; x_wconf 88' lang='lat' dir='ltr'><strong>etiam</strong></span> <span class='ocrx_word' id='word_1_236' title='bbox 1033 3172 1159 3239; x_wconf 90' lang='lat' dir='ltr'><strong>optimum</strong></span> <span class='ocrx_word' id='word_1_237' title='bbox 1178 3174 1277 3226; x_wconf 84' lang='lat' dir='ltr'><strong>incita.</strong></span> 
     </span>
     <span class='ocr_line' id='line_1_27' title="bbox 174 3242 1277 3316; baseline -0.003 -17"><span class='ocrx_word' id='word_1_238' title='bbox 174 3253 292 3310; x_wconf 82' lang='lat' dir='ltr'><strong>mentum</strong></span> <span class='ocrx_word' id='word_1_239' title='bbox 310 3252 423 3312; x_wconf 87' lang='lat' dir='ltr'><strong>apparet</strong></span> <span class='ocrx_word' id='word_1_240' title='bbox 448 3245 472 3297; x_wconf 91' lang='lat' dir='ltr'><strong><em>si</em></strong></span> <span class='ocrx_word' id='word_1_241' title='bbox 492 3245 626 3297; x_wconf 85' lang='lat' dir='ltr'><strong>amicitiae</strong></span> <span class='ocrx_word' id='word_1_242' title='bbox 655 3246 742 3315; x_wconf 73' lang='lat' dir='ltr'><strong>gratia</strong></span> <span class='ocrx_word' id='word_1_243' title='bbox 766 3245 860 3314; x_wconf 79' lang='lat' dir='ltr'><strong>lingua</strong></span> <span class='ocrx_word' id='word_1_244' title='bbox 885 3260 944 3296; x_wconf 89' lang='lat' dir='ltr'><strong>cum</strong></span> <span class='ocrx_word' id='word_1_245' title='bbox 963 3242 1103 3311; x_wconf 85' lang='lat' dir='ltr'><strong>voluptate</strong></span> <span class='ocrx_word' id='word_1_246' title='bbox 1122 3243 1182 3297; x_wconf 87' lang='lat' dir='ltr'><strong>vult</strong></span> <span class='ocrx_word' id='word_1_247' title='bbox 1202 3244 1277 3316; x_wconf 88' lang='lat' dir='ltr'><strong>loqui</strong></span> 
     </span>
     <span class='ocr_line' id='line_1_28' title="bbox 177 3316 760 3385; baseline -0.005 -15"><span class='ocrx_word' id='word_1_248' title='bbox 177 3326 204 3370; x_wconf 90' lang='lat' dir='ltr'><strong><em>et</em></strong></span> <span class='ocrx_word' id='word_1_249' title='bbox 223 3317 385 3370; x_wconf 69' lang='lat' dir='ltr'><strong>narrationis</strong></span> <span class='ocrx_word' id='word_1_250' title='bbox 403 3316 458 3368; x_wconf 87' lang='lat' dir='ltr'><strong>vim</strong></span> <span class='ocrx_word' id='word_1_251' title='bbox 476 3331 601 3369; x_wconf 88' lang='lat' dir='ltr'><strong>summam</strong></span> <span class='ocrx_word' id='word_1_252' title='bbox 621 3317 760 3385; x_wconf 87' lang='lat' dir='ltr'><strong>consequi.</strong></span> 
     </span>
    </p>
   </div>
   <div class='ocr_carea' id='block_1_5' title="bbox 175 3411 1382 4337">
    <p class='ocr_par' dir='ltr' id='par_1_5' title="bbox 175 3411 1382 4337">
     <span class='ocr_line' id='line_1_29' title="bbox 274 3411 1278 3481; baseline -0.003 -17"><span class='ocrx_word' id='word_1_253' title='bbox 274 3412 329 3464; x_wconf 90' lang='lat' dir='ltr'><strong><em>lam</em></strong></span> <span class='ocrx_word' id='word_1_254' title='bbox 349 3426 401 3480; x_wconf 82' lang='lat' dir='ltr'><strong><em>ego</em></strong></span> <span class='ocrx_word' id='word_1_255' title='bbox 422 3413 468 3481; x_wconf 87' lang='lat' dir='ltr'><strong><em>qui</em></strong></span> <span class='ocrx_word' id='word_1_256' title='bbox 486 3427 568 3480; x_wconf 83' lang='lat' dir='ltr'><strong>saepe</strong></span> <span class='ocrx_word' id='word_1_257' title='bbox 587 3413 726 3464; x_wconf 87' lang='lat' dir='ltr'><strong>carissime</strong></span> <span class='ocrx_word' id='word_1_258' title='bbox 738 3412 884 3466; x_wconf 83' lang='lat' dir='ltr'><strong>cleodemc</strong></span> <span class='ocrx_word' id='word_1_259' title='bbox 904 3411 959 3466; x_wconf 80' lang='lat' dir='ltr'><strong><em>rim</em></strong></span> <span class='ocrx_word' id='word_1_260' title='bbox 978 3411 1017 3464; x_wconf 95' lang='lat' dir='ltr'><strong><em>tui</em></strong></span> <span class='ocrx_word' id='word_1_261' title='bbox 1037 3411 1167 3464; x_wconf 89' lang='lat' dir='ltr'><strong>sermonis</strong></span> <span class='ocrx_word' id='word_1_262' title='bbox 1187 3417 1214 3462; x_wconf 86' lang='lat' dir='ltr'><strong><em>et</em></strong></span> <span class='ocrx_word' id='word_1_263' title='bbox 1233 3427 1278 3462; x_wconf 86' lang='lat' dir='ltr'><strong><em>ra.</em></strong></span> 
     </span>
     <span class='ocr_line' id='line_1_30' title="bbox 175 3482 1278 3553; baseline -0.004 -15"><span class='ocrx_word' id='word_1_264' title='bbox 175 3487 264 3540; x_wconf 86' lang='lat' dir='ltr'><strong>tiones</strong></span> <span class='ocrx_word' id='word_1_265' title='bbox 285 3485 441 3537; x_wconf 81' lang='lat' dir='ltr'><strong>verissimas</strong></span> <span class='ocrx_word' id='word_1_266' title='bbox 469 3484 613 3536; x_wconf 85' lang='lat' dir='ltr'><strong>admiratus</strong></span> <span class='ocrx_word' id='word_1_267' title='bbox 639 3500 696 3536; x_wconf 88' lang='lat' dir='ltr'><strong>sum</strong></span> <span class='ocrx_word' id='word_1_268' title='bbox 718 3500 790 3536; x_wconf 91' lang='lat' dir='ltr'><strong>nunc</strong></span> <span class='ocrx_word' id='word_1_269' title='bbox 817 3485 905 3552; x_wconf 90' lang='lat' dir='ltr'><strong>potius</strong></span> <span class='ocrx_word' id='word_1_270' title='bbox 931 3498 1007 3553; x_wconf 75' lang='lat' dir='ltr'><strong>quam</strong></span> <span class='ocrx_word' id='word_1_271' title='bbox 1031 3489 1110 3534; x_wconf 82' lang='lat' dir='ltr'><strong>autea</strong></span> <span class='ocrx_word' id='word_1_272' title='bbox 1135 3482 1227 3550; x_wconf 85' lang='lat' dir='ltr'><strong>paucis</strong></span> <span class='ocrx_word' id='word_1_273' title='bbox 1246 3483 1278 3534; x_wconf 89' lang='lat' dir='ltr'><strong>ad</strong></span> 
     </span>
     <span class='ocr_line' id='line_1_31' title="bbox 176 3554 1278 3626; baseline -0.005 -18"><span class='ocrx_word' id='word_1_274' title='bbox 176 3556 378 3626; x_wconf 71' lang='lat' dir='ltr'><strong>persuasionem</strong></span> <span class='ocrx_word' id='word_1_275' title='bbox 399 3571 444 3607; x_wconf 85' lang='lat' dir='ltr'><strong>res</strong></span> <span class='ocrx_word' id='word_1_276' title='bbox 462 3555 511 3607; x_wconf 88' lang='lat' dir='ltr'><strong>tibi</strong></span> <span class='ocrx_word' id='word_1_277' title='bbox 531 3570 671 3623; x_wconf 81' lang='lat' dir='ltr'><strong>exponam.</strong></span> <span class='ocrx_word' id='word_1_278' title='bbox 715 3555 781 3607; x_wconf 90' lang='lat' dir='ltr'><strong>nolo</strong></span> <span class='ocrx_word' id='word_1_279' title='bbox 809 3556 878 3607; x_wconf 90' lang='lat' dir='ltr'><strong>euim</strong></span> <span class='ocrx_word' id='word_1_280' title='bbox 898 3555 1019 3608; x_wconf 87' lang='lat' dir='ltr'><strong>dolorem</strong></span> <span class='ocrx_word' id='word_1_281' title='bbox 1044 3555 1135 3606; x_wconf 85' lang='lat' dir='ltr'><strong>lacero</strong></span> <span class='ocrx_word' id='word_1_282' title='bbox 1153 3554 1196 3604; x_wconf 86' lang='lat' dir='ltr'><strong><em>cui</em></strong></span> <span class='ocrx_word' id='word_1_283' title='bbox 1217 3569 1278 3606; x_wconf 91' lang='lat' dir='ltr'><strong>ser.</strong></span> 
     </span>
     <span class='ocr_line' id='line_1_32' title="bbox 176 3626 1279 3696; baseline -0.005 -15"><span class='ocrx_word' id='word_1_284' title='bbox 176 3630 237 3681; x_wconf 81' lang='lat' dir='ltr'><strong>vire</strong></span> <span class='ocrx_word' id='word_1_285' title='bbox 255 3644 299 3679; x_wconf 89' lang='lat' dir='ltr'><strong>me</strong></span> <span class='ocrx_word' id='word_1_286' title='bbox 317 3634 434 3695; x_wconf 88' lang='lat' dir='ltr'><strong>oportet.</strong></span> <span class='ocrx_word' id='word_1_287' title='bbox 471 3627 606 3695; x_wconf 76' lang='lat' dir='ltr'><strong>proferam</strong></span> <span class='ocrx_word' id='word_1_288' title='bbox 625 3636 713 3680; x_wconf 86' lang='lat' dir='ltr'><strong>autem</strong></span> <span class='ocrx_word' id='word_1_289' title='bbox 738 3626 861 3679; x_wconf 86' lang='lat' dir='ltr'><strong>emultis</strong></span> <span class='ocrx_word' id='word_1_290' title='bbox 881 3642 966 3696; x_wconf 88' lang='lat' dir='ltr'><strong>pauca</strong></span> <span class='ocrx_word' id='word_1_291' title='bbox 995 3634 1022 3677; x_wconf 86' lang='lat' dir='ltr'><strong><em>et</em></strong></span> <span class='ocrx_word' id='word_1_292' title='bbox 1038 3641 1108 3695; x_wconf 85' lang='lat' dir='ltr'><strong>quae</strong></span> <span class='ocrx_word' id='word_1_293' title='bbox 1125 3628 1279 3678; x_wconf 86' lang='lat' dir='ltr'><strong>necessaria</strong></span> 
     </span>
     <span class='ocr_line' id='line_1_33' title="bbox 177 3696 1280 3786; baseline -0.004 -34"><span class='ocrx_word' id='word_1_294' title='bbox 177 3708 240 3753; x_wconf 88' lang='lat' dir='ltr'><strong>suut</strong></span> <span class='ocrx_word' id='word_1_295' title='bbox 258 3701 319 3750; x_wconf 88' lang='lat' dir='ltr'><strong>usui</strong></span> <span class='ocrx_word' id='word_1_296' title='bbox 338 3706 366 3749; x_wconf 86' lang='lat' dir='ltr'><strong><em>ct</em></strong></span> <span class='ocrx_word' id='word_1_297' title='bbox 384 3698 447 3749; x_wconf 84' lang='lat' dir='ltr'><strong>huic</strong></span> <span class='ocrx_word' id='word_1_298' title='bbox 463 3700 589 3765; x_wconf 78' lang='lat' dir='ltr'><strong>tempori.</strong></span> <span class='ocrx_word' id='word_1_299' title='bbox 631 3700 712 3786; x_wconf 76' lang='lat' dir='ltr'><strong>idque</strong></span> <span class='ocrx_word' id='word_1_300' title='bbox 736 3699 769 3750; x_wconf 89' lang='lat' dir='ltr'><strong>ad</strong></span> <span class='ocrx_word' id='word_1_301' title='bbox 787 3698 929 3751; x_wconf 85' lang='lat' dir='ltr'><strong>utilitatem</strong></span> <span class='ocrx_word' id='word_1_302' title='bbox 954 3707 1024 3750; x_wconf 88' lang='lat' dir='ltr'><strong>tuam</strong></span> <span class='ocrx_word' id='word_1_303' title='bbox 1052 3696 1122 3749; x_wconf 87' lang='lat' dir='ltr'><strong>lacio</strong></span> <span class='ocrx_word' id='word_1_304' title='bbox 1143 3704 1169 3748; x_wconf 87' lang='lat' dir='ltr'><strong><em>ot</em></strong></span> <span class='ocrx_word' id='word_1_305' title='bbox 1188 3711 1280 3750; x_wconf 86' lang='lat' dir='ltr'><strong>eorum</strong></span> 
     </span>
     <span class='ocr_line' id='line_1_34' title="bbox 177 3769 1382 3840; baseline -0.001 -19"><span class='ocrx_word' id='word_1_306' title='bbox 177 3773 224 3840; x_wconf 86' lang='lat' dir='ltr'><strong><em>qui</em></strong></span> <span class='ocrx_word' id='word_1_307' title='bbox 242 3786 295 3822; x_wconf 86' lang='lat' dir='ltr'><strong>una</strong></span> <span class='ocrx_word' id='word_1_308' title='bbox 312 3779 402 3822; x_wconf 83' lang='lat' dir='ltr'><strong>tecum</strong></span> <span class='ocrx_word' id='word_1_309' title='bbox 429 3771 522 3821; x_wconf 92' lang='lat' dir='ltr'><strong>audire</strong></span> <span class='ocrx_word' id='word_1_310' title='bbox 549 3770 616 3823; x_wconf 84' lang='lat' dir='ltr'><strong>haec</strong></span> <span class='ocrx_word' id='word_1_311' title='bbox 635 3772 753 3839; x_wconf 85' lang='lat' dir='ltr'><strong>cupiant.</strong></span> <span class='ocrx_word' id='word_1_312' title='bbox 791 3771 839 3823; x_wconf 91' lang='lat' dir='ltr'><strong><em>sed</em></strong></span> <span class='ocrx_word' id='word_1_313' title='bbox 857 3772 881 3822; x_wconf 87' lang='lat' dir='ltr'><strong><em>si</em></strong></span> <span class='ocrx_word' id='word_1_314' title='bbox 902 3785 937 3822; x_wconf 86' lang='lat' dir='ltr'><strong><em>ex</em></strong></span> <span class='ocrx_word' id='word_1_315' title='bbox 953 3778 1000 3821; x_wconf 91' lang='lat' dir='ltr'><strong>tua</strong></span> <span class='ocrx_word' id='word_1_316' title='bbox 1018 3775 1045 3820; x_wconf 86' lang='lat' dir='ltr'><strong><em>et</em></strong></span> <span class='ocrx_word' id='word_1_317' title='bbox 1062 3769 1196 3821; x_wconf 87' lang='lat' dir='ltr'><strong>sociorum</strong></span> <span class='ocrx_word' id='word_1_318' title='bbox 1215 3777 1279 3820; x_wconf 87' lang='lat' dir='ltr'><strong>tuo·</strong></span> <span class='ocrx_word' id='word_1_319' title='bbox 1380 3772 1382 3784; x_wconf 93' lang='lat'>&#39;</span> 
     </span>
     <span class='ocr_line' id='line_1_35' title="bbox 177 3839 1279 3907; baseline -0.001 -13"><span class='ocrx_word' id='word_1_320' title='bbox 177 3857 236 3894; x_wconf 85' lang='lat' dir='ltr'><strong><em>rum</em></strong></span> <span class='ocrx_word' id='word_1_321' title='bbox 259 3841 400 3892; x_wconf 83' lang='lat' dir='ltr'><strong>voluntate</strong></span> <span class='ocrx_word' id='word_1_322' title='bbox 424 3842 572 3893; x_wconf 88' lang='lat' dir='ltr'><strong>orationem</strong></span> <span class='ocrx_word' id='word_1_323' title='bbox 597 3844 669 3894; x_wconf 90' lang='lat' dir='ltr'><strong>omni</strong></span> <span class='ocrx_word' id='word_1_324' title='bbox 695 3849 791 3894; x_wconf 87' lang='lat' dir='ltr'><strong>ornatu</strong></span> <span class='ocrx_word' id='word_1_325' title='bbox 818 3842 922 3895; x_wconf 90' lang='lat' dir='ltr'><strong>denudo</strong></span> <span class='ocrx_word' id='word_1_326' title='bbox 955 3848 982 3893; x_wconf 88' lang='lat' dir='ltr'><strong><em>et</em></strong></span> <span class='ocrx_word' id='word_1_327' title='bbox 1006 3839 1154 3906; x_wconf 85' lang='lat' dir='ltr'><strong>simplicem</strong></span> <span class='ocrx_word' id='word_1_328' title='bbox 1181 3842 1279 3907; x_wconf 87' lang='lat' dir='ltr'><strong>reddo;</strong></span> 
     </span>
     <span class='ocr_line' id='line_1_36' title="bbox 178 3910 1281 3980; baseline 0.004 -19"><span class='ocrx_word' id='word_1_329' title='bbox 178 3925 232 3980; x_wconf 82' lang='lat' dir='ltr'><strong><em>quo</em></strong></span> <span class='ocrx_word' id='word_1_330' title='bbox 262 3927 328 3963; x_wconf 89' lang='lat' dir='ltr'><strong>sane</strong></span> <span class='ocrx_word' id='word_1_331' title='bbox 354 3912 493 3980; x_wconf 72' lang='lat' dir='ltr'><strong>Gregorae</strong></span> <span class='ocrx_word' id='word_1_332' title='bbox 519 3914 664 3965; x_wconf 87' lang='lat' dir='ltr'><strong>auotoritas</strong></span> <span class='ocrx_word' id='word_1_333' title='bbox 693 3913 845 3965; x_wconf 81' lang='lat' dir='ltr'><strong>elevabitur</strong></span> <span class='ocrx_word' id='word_1_334' title='bbox 874 3921 901 3966; x_wconf 88' lang='lat' dir='ltr'><strong><em>et</em></strong></span> <span class='ocrx_word' id='word_1_335' title='bbox 931 3927 992 3964; x_wconf 87' lang='lat' dir='ltr'><strong><em>mca</em></strong></span> <span class='ocrx_word' id='word_1_336' title='bbox 1015 3910 1209 3979; x_wconf 83' lang='lat' dir='ltr'><strong>qualiscunque</strong></span> <span class='ocrx_word' id='word_1_337' title='bbox 1240 3921 1281 3965; x_wconf 87' lang='lat' dir='ltr'><strong><em>est</em></strong></span> 
     </span>
     <span class='ocr_line' id='line_1_37' title="bbox 179 3981 1280 4055; baseline 0.001 -20"><span class='ocrx_word' id='word_1_338' title='bbox 179 3991 295 4050; x_wconf 74' lang='lat' dir='ltr'><strong>cognata</strong></span> <span class='ocrx_word' id='word_1_339' title='bbox 312 3985 381 4034; x_wconf 89' lang='lat' dir='ltr'><strong>ratio</strong></span> <span class='ocrx_word' id='word_1_340' title='bbox 401 3991 429 4034; x_wconf 87' lang='lat' dir='ltr'><strong><em>et</em></strong></span> <span class='ocrx_word' id='word_1_341' title='bbox 438 3982 600 4049; x_wconf 84' lang='lat' dir='ltr'><strong>drscrplma</strong></span> <span class='ocrx_word' id='word_1_342' title='bbox 619 3983 685 4036; x_wconf 87' lang='lat' dir='ltr'><strong>licet</strong></span> <span class='ocrx_word' id='word_1_343' title='bbox 704 4001 738 4036; x_wconf 82' lang='lat' dir='ltr'><strong><em>ex</em></strong></span> <span class='ocrx_word' id='word_1_344' title='bbox 752 4000 785 4036; x_wconf 89' lang='lat' dir='ltr'><strong><em>eo</em></strong></span> <span class='ocrx_word' id='word_1_345' title='bbox 795 3985 953 4055; x_wconf 76' lang='lat' dir='ltr'><strong>rutellrgero</strong></span> <span class='ocrx_word' id='word_1_346' title='bbox 966 3991 1004 4048; x_wconf 90' lang='lat' dir='ltr'><strong><em>te,</em></strong></span> <span class='ocrx_word' id='word_1_347' title='bbox 1023 3981 1143 4050; x_wconf 88' lang='lat' dir='ltr'><strong>qualem</strong></span> <span class='ocrx_word' id='word_1_348' title='bbox 1149 3989 1176 4033; x_wconf 87' lang='lat' dir='ltr'><strong><em>et</em></strong></span> <span class='ocrx_word' id='word_1_349' title='bbox 1193 3999 1280 4051; x_wconf 88' lang='lat' dir='ltr'><strong>quan.</strong></span> 
     </span>
     <span class='ocr_line' id='line_1_38' title="bbox 177 4020 1279 4124; baseline 0.001 -17"><span class='ocrx_word' id='word_1_350' title='bbox 177 4065 231 4107; x_wconf 89' lang='lat' dir='ltr'><strong><em>tam</em></strong></span> <span class='ocrx_word' id='word_1_351' title='bbox 250 4055 343 4105; x_wconf 89' lang='lat' dir='ltr'><strong>intimo</strong></span> <span class='ocrx_word' id='word_1_352' title='bbox 365 4055 394 4104; x_wconf 87' lang='lat' dir='ltr'><strong><em>in</em></strong></span> <span class='ocrx_word' id='word_1_353' title='bbox 415 4054 503 4104; x_wconf 90' lang='lat' dir='ltr'><strong>auimo</strong></span> <span class='ocrx_word' id='word_1_354' title='bbox 522 4069 582 4104; x_wconf 88' lang='lat' dir='ltr'><strong>meo</strong></span> <span class='ocrx_word' id='word_1_355' title='bbox 601 4057 744 4107; x_wconf 85' lang='lat' dir='ltr'><strong>amicitiam</strong></span> <span class='ocrx_word' id='word_1_356' title='bbox 764 4069 829 4124; x_wconf 71' lang='lat' dir='ltr'><strong>erga</strong></span> <span class='ocrx_word' id='word_1_357' title='bbox 848 4065 876 4110; x_wconf 83' lang='lat' dir='ltr'><strong><em>to</em></strong></span> <span class='ocrx_word' id='word_1_358' title='bbox 902 4020 1022 4109; x_wconf 69' lang='lat' dir='ltr'><strong>habeam.</strong></span> <span class='ocrx_word' id='word_1_359' title='bbox 1060 4055 1166 4106; x_wconf 75' lang='lat' dir='ltr'><strong>sivero</strong></span> <span class='ocrx_word' id='word_1_360' title='bbox 1184 4070 1279 4108; x_wconf 82' lang='lat' dir='ltr'><strong>narra-</strong></span> 
     </span>
     <span class='ocr_line' id='line_1_39' title="bbox 177 4124 1279 4181; baseline 0 -3"><span class='ocrx_word' id='word_1_361' title='bbox 177 4129 216 4179; x_wconf 86' lang='lat' dir='ltr'><strong><em>tio</em></strong></span> <span class='ocrx_word' id='word_1_362' title='bbox 235 4124 370 4177; x_wconf 81' lang='lat' dir='ltr'><strong>voluntati</strong></span> <span class='ocrx_word' id='word_1_363' title='bbox 387 4139 442 4176; x_wconf 90' lang='lat' dir='ltr'><strong><em>nou</em></strong></span> <span class='ocrx_word' id='word_1_364' title='bbox 465 4126 626 4178; x_wconf 82' lang='lat' dir='ltr'><strong>convenerit</strong></span> <span class='ocrx_word' id='word_1_365' title='bbox 645 4127 703 4178; x_wconf 90' lang='lat' dir='ltr'><strong>uoli</strong></span> <span class='ocrx_word' id='word_1_366' title='bbox 721 4127 787 4178; x_wconf 81' lang='lat' dir='ltr'><strong>milri</strong></span> <span class='ocrx_word' id='word_1_367' title='bbox 806 4128 897 4181; x_wconf 84' lang='lat' dir='ltr'><strong>irasci</strong></span> <span class='ocrx_word' id='word_1_368' title='bbox 939 4141 999 4178; x_wconf 84' lang='lat' dir='ltr'><strong><em>nam</em></strong></span> <span class='ocrx_word' id='word_1_369' title='bbox 1019 4127 1046 4177; x_wconf 93' lang='lat' dir='ltr'><strong><em>iu</em></strong></span> <span class='ocrx_word' id='word_1_370' title='bbox 1064 4125 1105 4177; x_wconf 78' lang='lat' dir='ltr'><strong>liis</strong></span> <span class='ocrx_word' id='word_1_371' title='bbox 1123 4126 1199 4177; x_wconf 87' lang='lat' dir='ltr'><strong>utin</strong></span> <span class='ocrx_word' id='word_1_372' title='bbox 1218 4127 1279 4179; x_wconf 86' lang='lat' dir='ltr'><strong>aliia</strong></span> 
     </span>
     <span class='ocr_line' id='line_1_40' title="bbox 176 4195 1279 4266; baseline -0.002 -16"><span class='ocrx_word' id='word_1_373' title='bbox 176 4197 268 4251; x_wconf 87' lang='lat' dir='ltr'><strong>multis</strong></span> <span class='ocrx_word' id='word_1_374' title='bbox 284 4197 434 4248; x_wconf 86' lang='lat' dir='ltr'><strong>dominatur</strong></span> <span class='ocrx_word' id='word_1_375' title='bbox 454 4195 560 4247; x_wconf 81' lang='lat' dir='ltr'><strong>fortuna</strong></span> <span class='ocrx_word' id='word_1_376' title='bbox 577 4212 647 4266; x_wconf 80' lang='lat' dir='ltr'><strong>quac</strong></span> <span class='ocrx_word' id='word_1_377' title='bbox 664 4213 710 4250; x_wconf 93' lang='lat' dir='ltr'><strong>res</strong></span> <span class='ocrx_word' id='word_1_378' title='bbox 733 4198 804 4250; x_wconf 85' lang='lat' dir='ltr'><strong>inter</strong></span> <span class='ocrx_word' id='word_1_379' title='bbox 823 4214 852 4251; x_wconf 86' lang='lat' dir='ltr'><strong><em>sc</em></strong></span> <span class='ocrx_word' id='word_1_380' title='bbox 873 4200 994 4252; x_wconf 84' lang='lat' dir='ltr'><strong>diversas</strong></span> <span class='ocrx_word' id='word_1_381' title='bbox 1015 4205 1042 4249; x_wconf 85' lang='lat' dir='ltr'><strong><em>et</em></strong></span> <span class='ocrx_word' id='word_1_382' title='bbox 1059 4197 1218 4250; x_wconf 81' lang='lat' dir='ltr'><strong>dissidentes</strong></span> <span class='ocrx_word' id='word_1_383' title='bbox 1235 4207 1279 4248; x_wconf 90' lang='lat' dir='ltr'><strong><em>te.</em></strong></span> 
     </span>
     <span class='ocr_line' id='line_1_41' title="bbox 177 4267 1281 4337; baseline -0.003 -16"><span class='ocrx_word' id='word_1_384' title='bbox 177 4277 243 4332; x_wconf 84' lang='lat' dir='ltr'><strong>net3</strong></span> <span class='ocrx_word' id='word_1_385' title='bbox 267 4271 296 4320; x_wconf 90' lang='lat' dir='ltr'><strong><em>iu</em></strong></span> <span class='ocrx_word' id='word_1_386' title='bbox 315 4267 372 4320; x_wconf 85' lang='lat' dir='ltr'><strong>illis</strong></span> <span class='ocrx_word' id='word_1_387' title='bbox 391 4275 479 4319; x_wconf 89' lang='lat' dir='ltr'><strong>autem</strong></span> <span class='ocrx_word' id='word_1_388' title='bbox 500 4283 570 4337; x_wconf 85' lang='lat' dir='ltr'><strong>quae</strong></span> <span class='ocrx_word' id='word_1_389' title='bbox 589 4269 703 4320; x_wconf 88' lang='lat' dir='ltr'><strong>animum</strong></span> <span class='ocrx_word' id='word_1_390' title='bbox 722 4269 886 4323; x_wconf 85' lang='lat' dir='ltr'><strong>benevolum</strong></span> <span class='ocrx_word' id='word_1_391' title='bbox 906 4279 934 4323; x_wconf 91' lang='lat' dir='ltr'><strong><em>et</em></strong></span> <span class='ocrx_word' id='word_1_392' title='bbox 950 4269 1032 4322; x_wconf 87' lang='lat' dir='ltr'><strong>animi</strong></span> <span class='ocrx_word' id='word_1_393' title='bbox 1049 4269 1164 4336; x_wconf 87' lang='lat' dir='ltr'><strong>primam</strong></span> <span class='ocrx_word' id='word_1_394' title='bbox 1179 4267 1281 4321; x_wconf 85' lang='lat' dir='ltr'><strong>volun.</strong></span> 
     </span>
    </p>
   </div>
   <div class='ocr_carea' id='block_1_6' title="bbox 176 4335 1279 4409">
    <p class='ocr_par' dir='ltr' id='par_1_6' title="bbox 176 4335 1279 4409">
     <span class='ocr_line' id='line_1_42' title="bbox 176 4335 1279 4409; baseline -0.003 -15"><span class='ocrx_word' id='word_1_395' title='bbox 176 4347 258 4394; x_wconf 86' lang='lat' dir='ltr'><strong>tatem</strong></span> <span class='ocrx_word' id='word_1_396' title='bbox 276 4340 391 4394; x_wconf 83' lang='lat' dir='ltr'><strong>reddunt</strong></span> <span class='ocrx_word' id='word_1_397' title='bbox 417 4339 507 4392; x_wconf 85' lang='lat' dir='ltr'><strong>amaia</strong></span> <span class='ocrx_word' id='word_1_398' title='bbox 523 4346 647 4409; x_wconf 67' lang='lat' dir='ltr'><strong>uuquam</strong></span> <span class='ocrx_word' id='word_1_399' title='bbox 668 4342 769 4394; x_wconf 80' lang='lat' dir='ltr'><strong>trutina</strong></span> <span class='ocrx_word' id='word_1_400' title='bbox 794 4335 868 4396; x_wconf 82' lang='lat' dir='ltr'><strong>coita</strong></span> <span class='ocrx_word' id='word_1_401' title='bbox 887 4350 914 4395; x_wconf 88' lang='lat' dir='ltr'><strong><em>et</em></strong></span> <span class='ocrx_word' id='word_1_402' title='bbox 932 4342 1024 4396; x_wconf 82' lang='lat' dir='ltr'><strong>diviua</strong></span> <span class='ocrx_word' id='word_1_403' title='bbox 1043 4340 1191 4394; x_wconf 84' lang='lat' dir='ltr'><strong>examinata</strong></span> <span class='ocrx_word' id='word_1_404' title='bbox 1209 4344 1279 4392; x_wconf 78' lang='lat' dir='ltr'><strong>suat</strong></span> 
     </span>
    </p>
   </div>
   <div class='ocr_carea' id='block_1_7' title="bbox 0 0 1609 5100">
    <p class='ocr_par' dir='ltr' id='par_1_7' title="bbox 0 0 1609 5100">
     <span class='ocr_line' id='line_1_43' title="bbox 0 0 1609 5100; baseline 0 0"><span class='ocrx_word' id='word_1_405' title='bbox 0 0 1609 5100; x_wconf 95' lang='lat' dir='ltr'><strong><em> </em></strong></span> 
     </span>
    </p>
   </div>
  </div>
 </body>
</html>
