<?xml version="1.0" encoding="UTF-8"?>
<!DOCTYPE html PUBLIC "-//W3C//DTD XHTML 1.0 Transitional//EN"
    "http://www.w3.org/TR/xhtml1/DTD/xhtml1-transitional.dtd">
<html xmlns="http://www.w3.org/1999/xhtml" xml:lang="en" lang="en">
 <head>
  <title>
</title>
<meta http-equiv="Content-Type" content="text/html;charset=utf-8" />
  <meta name='ocr-system' content='tesseract 3.04.00' />
  <meta name='ocr-capabilities' content='ocr_page ocr_carea ocr_par ocr_line ocrx_word'/>
</head>
<body>
  <div class='ocr_page' id='page_1' title='image "./nicephorigregor04schogoog_0324.png"; bbox 0 0 3184 5100; ppageno 0'>
   <div class='ocr_carea' id='block_1_1' title="bbox 303 369 1282 515">
    <p class='ocr_par' dir='ltr' id='par_1_1' title="bbox 303 369 1282 515">
     <span class='ocr_line' id='line_1_1' title="bbox 303 369 1282 515; baseline 0 -48"><span class='ocrx_word' id='word_1_1' title='bbox 303 396 532 515; x_wconf 78' lang='lat' dir='ltr'><strong>nrsronrsn</strong></span> <span class='ocrx_word' id='word_1_2' title='bbox 550 398 808 483; x_wconf 73' lang='lat' dir='ltr'><strong>amoarium</strong></span> <span class='ocrx_word' id='word_1_3' title='bbox 836 402 930 467; x_wconf 84' lang='lat' dir='ltr'><strong>xxx.</strong></span> <span class='ocrx_word' id='word_1_4' title='bbox 948 369 1154 495; x_wconf 42' lang='lat' dir='ltr'><strong>tta-fes(</strong></span> <span class='ocrx_word' id='word_1_5' title='bbox 1200 393 1282 470; x_wconf 78' lang='lat'>313.</span> 
     </span>
    </p>
   </div>
   <div class='ocr_carea' id='block_1_2' title="bbox 124 552 1379 2865">
    <p class='ocr_par' dir='ltr' id='par_1_2' title="bbox 173 550 1274 753">
     <span class='ocr_line' id='line_1_2' title="bbox 173 552 1274 650; baseline 0 -21"><span class='ocrx_word' id='word_1_6' title='bbox 173 557 213 650; x_wconf 74' lang='grc' dir='ltr'><strong>ἧν</strong></span> <span class='ocrx_word' id='word_1_7' title='bbox 235 562 291 631; x_wconf 86' lang='grc' dir='ltr'><strong><em>καί</em></strong></span> <span class='ocrx_word' id='word_1_8' title='bbox 322 559 427 650; x_wconf 84' lang='grc' dir='ltr'><strong><em>ἔσται,</em></strong></span> <span class='ocrx_word' id='word_1_9' title='bbox 456 562 531 637; x_wconf 79' lang='grc' dir='ltr'><strong><em>θεός</em></strong></span> <span class='ocrx_word' id='word_1_10' title='bbox 563 559 697 645; x_wconf 81' lang='grc' dir='ltr'><strong><em>ἰσχυρός</em></strong></span> <span class='ocrx_word' id='word_1_11' title='bbox 719 563 840 635; x_wconf 84' lang='grc' dir='ltr'><strong><em>δίκαιος</em></strong></span> <span class='ocrx_word' id='word_1_12' title='bbox 870 552 1031 644; x_wconf 84' lang='grc' dir='ltr'><strong><em>όκτιστος,</em></strong></span> <span class='ocrx_word' id='word_1_13' title='bbox 1060 560 1197 647; x_wconf 67' lang='lat' dir='ltr'><strong>disi-‘lato</strong></span> <span class='ocrx_word' id='word_1_14' title='bbox 1221 586 1274 629; x_wconf 87' lang='lat' dir='ltr'><strong>oo-</strong></span> 
     </span>
     <span class='ocr_line' id='line_1_3' title="bbox 175 660 1034 753; baseline -0.005 -22"><span class='ocrx_word' id='word_1_15' title='bbox 175 670 236 753; x_wconf 99' lang='grc' dir='ltr'><strong><em>φία</em></strong></span> <span class='ocrx_word' id='word_1_16' title='bbox 258 664 394 743; x_wconf 79' lang='grc' dir='ltr'><strong><em>δόναμις</em></strong></span> <span class='ocrx_word' id='word_1_17' title='bbox 417 661 479 747; x_wconf 67' lang='grc' dir='ltr'><strong>ζων)</strong></span> <span class='ocrx_word' id='word_1_18' title='bbox 503 666 571 751; x_wconf 82' lang='grc' dir='ltr'><strong><em>φοός</em></strong></span> <span class='ocrx_word' id='word_1_19' title='bbox 595 665 737 746; x_wconf 80' lang='grc' dir='ltr'><strong><em>ε’νόργεια</em></strong></span> <span class='ocrx_word' id='word_1_20' title='bbox 758 668 813 728; x_wconf 86' lang='grc' dir='ltr'><strong><em>καί</em></strong></span> <span class='ocrx_word' id='word_1_21' title='bbox 832 660 869 727; x_wconf 86' lang='grc' dir='ltr'><strong>τό</strong></span> <span class='ocrx_word' id='word_1_22' title='bbox 893 665 1034 734; x_wconf 82' lang='grc' dir='ltr'><strong><em>τοιαῦτα.</em></strong></span> 
     </span>
    </p>

    <p class='ocr_par' dir='ltr' id='par_1_3' title="bbox 148 760 1341 1453">
     <span class='ocr_line' id='line_1_4' title="bbox 235 760 1341 849; baseline -0.002 -18"><span class='ocrx_word' id='word_1_23' title='bbox 235 766 361 845; x_wconf 87' lang='grc' dir='ltr'><strong><em>Ἐπείγε</em></strong></span> <span class='ocrx_word' id='word_1_24' title='bbox 372 761 436 845; x_wconf 75' lang='grc' dir='ltr'><strong>μὴν</strong></span> <span class='ocrx_word' id='word_1_25' title='bbox 449 767 483 829; x_wconf 80' lang='grc' dir='ltr'><strong>ἐκ</strong></span> <span class='ocrx_word' id='word_1_26' title='bbox 498 766 558 831; x_wconf 78' lang='grc' dir='ltr'><strong>τόν</strong></span> <span class='ocrx_word' id='word_1_27' title='bbox 572 766 693 831; x_wconf 82' lang='grc' dir='ltr'><strong><em>οἰκείων</em></strong></span> <span class='ocrx_word' id='word_1_28' title='bbox 707 760 859 849; x_wconf 77' lang='grc' dir='ltr'><em>ῥημάτων</em></span> <span class='ocrx_word' id='word_1_29' title='bbox 874 787 907 829; x_wconf 84' lang='grc' dir='ltr'><strong>τε</strong></span> <span class='ocrx_word' id='word_1_30' title='bbox 922 766 978 827; x_wconf 80' lang='grc' dir='ltr'><strong><em>κατ’</em></strong></span> <span class='ocrx_word' id='word_1_31' title='bbox 989 768 1184 847; x_wconf 72' lang='grc' dir='ltr'><em>γραμμάτων</em></span> <span class='ocrx_word' id='word_1_32' title='bbox 1201 762 1341 848; x_wconf 66' lang='grc' dir='ltr'><strong><em>ἁλι-η</em></strong></span> 
     </span>
     <span class='ocr_line' id='line_1_5' title="bbox 173 856 1278 951; baseline -0.004 -16"><span class='ocrx_word' id='word_1_33' title='bbox 173 856 326 949; x_wconf 67' lang='grc' dir='ltr'><strong><em>σειόμενον</em></strong></span> <span class='ocrx_word' id='word_1_34' title='bbox 350 863 365 929; x_wconf 89' lang='grc' dir='ltr'><strong><em>ό</em></strong></span> <span class='ocrx_word' id='word_1_35' title='bbox 386 867 550 947; x_wconf 83' lang='grc' dir='ltr'><strong><em>Παλομός</em></strong></span> <span class='ocrx_word' id='word_1_36' title='bbox 571 861 683 947; x_wconf 73' lang='grc' dir='ltr'><strong><em>ἑαυτόν</em></strong></span> <span class='ocrx_word' id='word_1_37' title='bbox 702 858 786 949; x_wconf 76' lang='grc' dir='ltr'><strong><em>ἓοόρα</em></strong></span> <span class='ocrx_word' id='word_1_38' title='bbox 807 868 966 949; x_wconf 75' lang='grc' dir='ltr'><strong><em>διηνεκῶς,</em></strong></span> <span class='ocrx_word' id='word_1_39' title='bbox 983 863 1062 928; x_wconf 80' lang='lat' dir='ltr'><strong>“os-’x</strong></span> <span class='ocrx_word' id='word_1_40' title='bbox 1082 868 1116 930; x_wconf 82' lang='grc' dir='ltr'><strong>όν</strong></span> <span class='ocrx_word' id='word_1_41' title='bbox 1136 864 1278 951; x_wconf 49' lang='grc' dir='ltr'><strong><em>ῥήμασί)</em></strong></span> 
     </span>
     <span class='ocr_line' id='line_1_6' title="bbox 148 960 1319 1055; baseline 0.003 -28"><span class='ocrx_word' id='word_1_42' title='bbox 148 968 284 1055; x_wconf 82' lang='grc' dir='ltr'><strong><em>5φησίν,</em></strong></span> <span class='ocrx_word' id='word_1_43' title='bbox 302 962 393 1031; x_wconf 83' lang='lat' dir='ltr'><strong>“ou&#39;d&#39;</strong></span> <span class='ocrx_word' id='word_1_44' title='bbox 414 960 520 1041; x_wconf 79' lang='grc' dir='ltr'><strong><em>όπλῶς</em></strong></span> <span class='ocrx_word' id='word_1_45' title='bbox 540 969 573 1030; x_wconf 82' lang='grc' dir='ltr'><strong>όν</strong></span> <span class='ocrx_word' id='word_1_46' title='bbox 593 962 793 1049; x_wconf 81' lang='grc' dir='ltr'><strong><em>γρόμμασιν,</em></strong></span> <span class='ocrx_word' id='word_1_47' title='bbox 814 960 884 1029; x_wconf 72' lang='grc' dir='ltr'><strong><em>ἀλλ’</em></strong></span> <span class='ocrx_word' id='word_1_48' title='bbox 906 969 938 1029; x_wconf 81' lang='grc' dir='ltr'><strong>ἐν</strong></span> <span class='ocrx_word' id='word_1_49' title='bbox 959 961 1276 1050; x_wconf 81' lang='grc' dir='ltr'><strong><em>πρόγμασινῆμοῖνῆ</em></strong></span> <span class='ocrx_word' id='word_1_50' title='bbox 1315 992 1319 1001; x_wconf 86' lang='grc'>·</span> 
     </span>
     <span class='ocr_line' id='line_1_7' title="bbox 173 1058 1276 1151; baseline -0.004 -18"><span class='ocrx_word' id='word_1_51' title='bbox 173 1068 322 1148; x_wconf 65' lang='grc' dir='ltr'><strong><em>εὐσέβεια</em></strong></span> <span class='ocrx_word' id='word_1_52' title='bbox 344 1064 422 1131; x_wconf 86' lang='grc' dir='ltr'><strong><em>κατό</em></strong></span> <span class='ocrx_word' id='word_1_53' title='bbox 440 1064 514 1141; x_wconf 86' lang='grc' dir='ltr'><strong><em>τοός</em></strong></span> <span class='ocrx_word' id='word_1_54' title='bbox 529 1063 724 1149; x_wconf 77' lang='grc' dir='ltr'><strong><em>θεολόγαος.”</em></strong></span> <span class='ocrx_word' id='word_1_55' title='bbox 745 1064 862 1151; x_wconf 85' lang='grc' dir='ltr'><strong><em>μικρόν</em></strong></span> <span class='ocrx_word' id='word_1_56' title='bbox 882 1058 939 1129; x_wconf 81' lang='grc' dir='ltr'><strong>οόν</strong></span> <span class='ocrx_word' id='word_1_57' title='bbox 958 1064 1099 1148; x_wconf 76' lang='grc' dir='ltr'><strong><em>ἐπισχών</em></strong></span> <span class='ocrx_word' id='word_1_58' title='bbox 1119 1065 1276 1150; x_wconf 69' lang='grc' dir='ltr'><strong><em>όΓριγγο-</em></strong></span> 
     </span>
     <span class='ocr_line' id='line_1_8' title="bbox 174 1162 1275 1253; baseline -0.005 -20"><span class='ocrx_word' id='word_1_59' title='bbox 174 1172 235 1253; x_wconf 80' lang='grc' dir='ltr'><strong>ρᾶς</strong></span> <span class='ocrx_word' id='word_1_60' title='bbox 253 1162 333 1233; x_wconf 78' lang='grc' dir='ltr'><strong>“ιόό</strong></span> <span class='ocrx_word' id='word_1_61' title='bbox 357 1163 432 1232; x_wconf 76' lang='grc' dir='ltr'><strong><em>ιὀό”</em></strong></span> <span class='ocrx_word' id='word_1_62' title='bbox 468 1170 565 1253; x_wconf 82' lang='grc' dir='ltr'><strong><em>φησίν</em></strong></span> <span class='ocrx_word' id='word_1_63' title='bbox 592 1162 666 1249; x_wconf 60' lang='grc' dir='ltr'><strong>’τῆς</strong></span> <span class='ocrx_word' id='word_1_64' title='bbox 695 1164 917 1251; x_wconf 79' lang='grc' dir='ltr'><strong><em>όβελτηριάς.”</em></strong></span> <span class='ocrx_word' id='word_1_65' title='bbox 964 1166 1020 1230; x_wconf 80' lang='grc' dir='ltr'><strong><em>καί</em></strong></span> <span class='ocrx_word' id='word_1_66' title='bbox 1047 1164 1172 1231; x_wconf 85' lang='grc' dir='ltr'><strong><em>όπιδοόν</em></strong></span> <span class='ocrx_word' id='word_1_67' title='bbox 1195 1166 1275 1249; x_wconf 84' lang='grc' dir='ltr'><strong><em>πρός</em></strong></span> 
     </span>
     <span class='ocr_line' id='line_1_9' title="bbox 174 1248 1278 1352; baseline -0.001 -19"><span class='ocrx_word' id='word_1_68' title='bbox 174 1265 272 1333; x_wconf 85' lang='grc' dir='ltr'><strong><em>αότόν</em></strong></span> <span class='ocrx_word' id='word_1_69' title='bbox 290 1248 386 1331; x_wconf 71' lang='lat' dir='ltr'><strong>“risu</strong></span> <span class='ocrx_word' id='word_1_70' title='bbox 401 1266 573 1342; x_wconf 72' lang='grc' dir='ltr'><strong><em>ἐλάνθανες</em></strong></span> <span class='ocrx_word' id='word_1_71' title='bbox 600 1264 701 1351; x_wconf 78' lang='grc' dir='ltr'><strong><em>ἧμός”</em></strong></span> <span class='ocrx_word' id='word_1_72' title='bbox 730 1269 812 1352; x_wconf 87' lang='grc' dir='ltr'><strong><em>φησί</em></strong></span> <span class='ocrx_word' id='word_1_73' title='bbox 828 1261 1053 1352; x_wconf 80' lang='grc' dir='ltr'><strong><em>“λασιόκωφός</em></strong></span> <span class='ocrx_word' id='word_1_74' title='bbox 1083 1291 1131 1342; x_wconf 85' lang='grc' dir='ltr'><strong><em>τις</em></strong></span> <span class='ocrx_word' id='word_1_75' title='bbox 1160 1262 1205 1331; x_wconf 85' lang='grc' dir='ltr'><strong>οόν</strong></span> <span class='ocrx_word' id='word_1_76' title='bbox 1222 1265 1278 1333; x_wconf 85' lang='grc' dir='ltr'><strong><em>καί</em></strong></span> 
     </span>
     <span class='ocr_line' id='line_1_10' title="bbox 174 1366 1275 1453; baseline -0.002 -20"><span class='ocrx_word' id='word_1_77' title='bbox 174 1366 307 1453; x_wconf 77' lang='grc' dir='ltr'><strong><em>α’νὴκοος</em></strong></span> <span class='ocrx_word' id='word_1_78' title='bbox 331 1370 386 1431; x_wconf 88' lang='grc' dir='ltr'><strong><em>καί</em></strong></span> <span class='ocrx_word' id='word_1_79' title='bbox 405 1366 590 1433; x_wconf 80' lang='grc' dir='ltr'><strong><em>παντάπασι</em></strong></span> <span class='ocrx_word' id='word_1_80' title='bbox 610 1371 667 1452; x_wconf 81' lang='grc' dir='ltr'><strong>τῆς</strong></span> <span class='ocrx_word' id='word_1_81' title='bbox 689 1370 753 1433; x_wconf 74' lang='grc' dir='ltr'><strong>τόν</strong></span> <span class='ocrx_word' id='word_1_82' title='bbox 775 1371 872 1431; x_wconf 80' lang='grc' dir='ltr'><strong><em>θείων</em></strong></span> <span class='ocrx_word' id='word_1_83' title='bbox 892 1371 1026 1453; x_wconf 77' lang='grc' dir='ltr'><strong><em>γραφῶν</em></strong></span> <span class='ocrx_word' id='word_1_84' title='bbox 1048 1369 1275 1451; x_wconf 78' lang='grc' dir='ltr'><strong><em>διδασκαλικῆς</em></strong></span> 
     </span>
    </p>

    <p class='ocr_par' dir='ltr' id='par_1_4' title="bbox 127 1461 1276 1959">
     <span class='ocr_line' id='line_1_11' title="bbox 127 1461 1276 1553; baseline 0.006 -26"><span class='ocrx_word' id='word_1_85' title='bbox 127 1463 284 1551; x_wconf 75' lang='grc' dir='ltr'><strong><em>1θὲορτῆς</em></strong></span> <span class='ocrx_word' id='word_1_86' title='bbox 303 1491 334 1532; x_wconf 88' lang='grc' dir='ltr'><strong>τε</strong></span> <span class='ocrx_word' id='word_1_87' title='bbox 369 1466 424 1531; x_wconf 86' lang='grc' dir='ltr'><strong><em>καί</em></strong></span> <span class='ocrx_word' id='word_1_88' title='bbox 453 1464 677 1553; x_wconf 77' lang='grc' dir='ltr'><strong>πανηγύρεως,</strong></span> <span class='ocrx_word' id='word_1_89' title='bbox 705 1472 758 1533; x_wconf 88' lang='grc' dir='ltr'><strong><em>καί</em></strong></span> <span class='ocrx_word' id='word_1_90' title='bbox 780 1461 1045 1551; x_wconf 82' lang='grc' dir='ltr'><strong><em>μετεγκεντρίζων</em></strong></span> <span class='ocrx_word' id='word_1_91' title='bbox 1075 1471 1108 1546; x_wconf 78' lang='grc' dir='ltr'><strong>ἐξ</strong></span> <span class='ocrx_word' id='word_1_92' title='bbox 1130 1470 1276 1549; x_wconf 75' lang='grc' dir='ltr'><strong><em>όμαδίας</em></strong></span> 
     </span>
     <span class='ocr_line' id='line_1_12' title="bbox 174 1557 1275 1658; baseline -0.003 -22"><span class='ocrx_word' id='word_1_93' title='bbox 174 1564 311 1635; x_wconf 68' lang='lat' dir='ltr'><strong>itiones</strong></span> <span class='ocrx_word' id='word_1_94' title='bbox 343 1562 456 1633; x_wconf 78' lang='grc' dir='ltr'><strong><em>ἄλλοθι</em></strong></span> <span class='ocrx_word' id='word_1_95' title='bbox 489 1568 545 1633; x_wconf 88' lang='grc' dir='ltr'><strong>τόν</strong></span> <span class='ocrx_word' id='word_1_96' title='bbox 579 1564 706 1636; x_wconf 75' lang='grc' dir='ltr'><strong><em>ἅπαντα</em></strong></span> <span class='ocrx_word' id='word_1_97' title='bbox 737 1557 898 1647; x_wconf 18' lang='grc' dir='ltr'><strong><em>νοόνλκοί</em></strong></span> <span class='ocrx_word' id='word_1_98' title='bbox 922 1568 1039 1633; x_wconf 86' lang='grc' dir='ltr'><strong><em>σκοπόν</em></strong></span> <span class='ocrx_word' id='word_1_99' title='bbox 1058 1573 1115 1655; x_wconf 78' lang='grc' dir='ltr'><strong>τῆς</strong></span> <span class='ocrx_word' id='word_1_100' title='bbox 1136 1574 1275 1658; x_wconf 75' lang='grc' dir='ltr'><strong><em>γραφῆς.</em></strong></span> 
     </span>
     <span class='ocr_line' id='line_1_13' title="bbox 171 1664 1276 1757; baseline -0.002 -20"><span class='ocrx_word' id='word_1_101' title='bbox 171 1673 266 1737; x_wconf 83' lang='grc' dir='ltr'><strong><em>τοῦτο</em></strong></span> <span class='ocrx_word' id='word_1_102' title='bbox 284 1667 345 1753; x_wconf 78' lang='grc' dir='ltr'><strong>γὰρ</strong></span> <span class='ocrx_word' id='word_1_103' title='bbox 367 1667 384 1733; x_wconf 92' lang='grc' dir='ltr'><strong><em>δ</em></strong></span> <span class='ocrx_word' id='word_1_104' title='bbox 406 1673 505 1753; x_wconf 79' lang='grc' dir='ltr'><strong><em>μέγας</em></strong></span> <span class='ocrx_word' id='word_1_105' title='bbox 528 1673 561 1736; x_wconf 84' lang='grc' dir='ltr'><strong>ε’ν</strong></span> <span class='ocrx_word' id='word_1_106' title='bbox 584 1673 733 1756; x_wconf 77' lang='grc' dir='ltr'><strong><em>θεολογίρ</em></strong></span> <span class='ocrx_word' id='word_1_107' title='bbox 752 1668 867 1757; x_wconf 83' lang='grc' dir='ltr'><strong><em>φόσκει</em></strong></span> <span class='ocrx_word' id='word_1_108' title='bbox 888 1672 919 1736; x_wconf 89' lang='grc' dir='ltr'><strong><em>Γ</em></strong></span> <span class='ocrx_word' id='word_1_109' title='bbox 916 1664 1074 1757; x_wconf 77' lang='grc' dir='ltr'><strong><em>ρηγόριος,</em></strong></span> <span class='ocrx_word' id='word_1_110' title='bbox 1093 1669 1134 1737; x_wconf 85' lang='grc' dir='ltr'><strong>τό</strong></span> <span class='ocrx_word' id='word_1_111' title='bbox 1157 1677 1276 1737; x_wconf 73' lang='grc' dir='ltr'><strong><em>Διοκο-</em></strong></span> 
     </span>
     <span class='ocr_line' id='line_1_14' title="bbox 174 1764 1275 1857; baseline 0 -22"><span class='ocrx_word' id='word_1_112' title='bbox 174 1774 234 1857; x_wconf 81' lang='grc' dir='ltr'><strong>σίφ</strong></span> <span class='ocrx_word' id='word_1_113' title='bbox 256 1772 299 1855; x_wconf 78' lang='grc' dir='ltr'><strong>τῷ</strong></span> <span class='ocrx_word' id='word_1_114' title='bbox 321 1774 398 1855; x_wconf 80' lang='grc' dir='ltr'><strong><em>θείῳ</em></strong></span> <span class='ocrx_word' id='word_1_115' title='bbox 433 1772 589 1852; x_wconf 77' lang='grc' dir='ltr'><strong><em>λεχθέντα</em></strong></span> <span class='ocrx_word' id='word_1_116' title='bbox 624 1769 916 1853; x_wconf 69' lang='grc' dir='ltr'><strong>διαβεβαιούμενος,</strong></span> <span class='ocrx_word' id='word_1_117' title='bbox 942 1764 1047 1851; x_wconf 82' lang='grc' dir='ltr'><strong><em>οἶμαι,</em></strong></span> <span class='ocrx_word' id='word_1_118' title='bbox 1071 1773 1127 1835; x_wconf 87' lang='grc' dir='ltr'><strong><em>καί</em></strong></span> <span class='ocrx_word' id='word_1_119' title='bbox 1146 1795 1275 1854; x_wconf 82' lang='grc' dir='ltr'><strong><em>συγχω-</em></strong></span> 
     </span>
     <span class='ocr_line' id='line_1_15' title="bbox 174 1866 1276 1959; baseline 0.003 -26"><span class='ocrx_word' id='word_1_120' title='bbox 174 1872 241 1953; x_wconf 76' lang='grc' dir='ltr'><strong>ρῶν</strong></span> <span class='ocrx_word' id='word_1_121' title='bbox 274 1873 330 1933; x_wconf 82' lang='grc' dir='ltr'><strong><em>καί</em></strong></span> <span class='ocrx_word' id='word_1_122' title='bbox 364 1866 458 1944; x_wconf 81' lang='grc' dir='ltr'><strong><em>αόεός</em></strong></span> <span class='ocrx_word' id='word_1_123' title='bbox 494 1874 549 1935; x_wconf 88' lang='grc' dir='ltr'><strong><em>καί</em></strong></span> <span class='ocrx_word' id='word_1_124' title='bbox 578 1868 673 1937; x_wconf 76' lang='grc' dir='ltr'><strong><em>οἱονεί</em></strong></span> <span class='ocrx_word' id='word_1_125' title='bbox 709 1869 962 1956; x_wconf 85' lang='grc' dir='ltr'><strong><em>προτρεπόμενος</em></strong></span> <span class='ocrx_word' id='word_1_126' title='bbox 996 1873 1179 1959; x_wconf 77' lang='grc' dir='ltr'><strong><em>οἰκονομικῷ</em></strong></span> <span class='ocrx_word' id='word_1_127' title='bbox 1212 1868 1276 1936; x_wconf 81' lang='grc' dir='ltr'><strong><em>τινί</em></strong></span> 
     </span>
    </p>

    <p class='ocr_par' dir='ltr' id='par_1_5' title="bbox 128 1968 1339 2461">
     <span class='ocr_line' id='line_1_16' title="bbox 128 1968 1276 2057; baseline -0.002 -20"><span class='ocrx_word' id='word_1_128' title='bbox 128 1988 163 2041; x_wconf 83' lang='grc'><strong>15</strong></span> <span class='ocrx_word' id='word_1_129' title='bbox 174 1968 281 2057; x_wconf 84' lang='grc' dir='ltr'><strong><em>τρόπφ</em></strong></span> <span class='ocrx_word' id='word_1_130' title='bbox 304 1972 420 2053; x_wconf 77' lang='grc' dir='ltr'><strong><em>καιροῦ</em></strong></span> <span class='ocrx_word' id='word_1_131' title='bbox 440 1974 611 2049; x_wconf 82' lang='grc' dir='ltr'><strong><em>καλοῦντος</em></strong></span> <span class='ocrx_word' id='word_1_132' title='bbox 634 1972 714 2057; x_wconf 87' lang='grc' dir='ltr'><strong><em>πρὸς</em></strong></span> <span class='ocrx_word' id='word_1_133' title='bbox 730 1970 805 2046; x_wconf 81' lang='grc' dir='ltr'><strong>τούς</strong></span> <span class='ocrx_word' id='word_1_134' title='bbox 833 1974 894 2036; x_wconf 80' lang='grc' dir='ltr'><strong><em>τεόν</em></strong></span> <span class='ocrx_word' id='word_1_135' title='bbox 913 1970 1072 2055; x_wconf 80' lang='grc' dir='ltr'><strong><em>όμιλητῶν</em></strong></span> <span class='ocrx_word' id='word_1_136' title='bbox 1097 1970 1276 2056; x_wconf 81' lang='grc' dir='ltr'><strong><em>διαφόρους</em></strong></span> 
     </span>
     <span class='ocr_line' id='line_1_17' title="bbox 173 2069 1276 2155; baseline 0.002 -20"><span class='ocrx_word' id='word_1_137' title='bbox 173 2069 232 2146; x_wconf 83' lang='grc' dir='ltr'><strong>τός</strong></span> <span class='ocrx_word' id='word_1_138' title='bbox 246 2072 373 2152; x_wconf 79' lang='grc' dir='ltr'><strong>γνώμας</strong></span> <span class='ocrx_word' id='word_1_139' title='bbox 394 2076 450 2135; x_wconf 84' lang='grc' dir='ltr'><strong><em>καί</em></strong></span> <span class='ocrx_word' id='word_1_140' title='bbox 461 2073 592 2153; x_wconf 75' lang='grc' dir='ltr'><strong><em>γνώσεις</em></strong></span> <span class='ocrx_word' id='word_1_141' title='bbox 613 2076 803 2155; x_wconf 73' lang='grc' dir='ltr'><strong><em>κεχρῆσθαι,</em></strong></span> <span class='ocrx_word' id='word_1_142' title='bbox 826 2070 881 2136; x_wconf 84' lang='grc' dir='ltr'><strong><em>καί</em></strong></span> <span class='ocrx_word' id='word_1_143' title='bbox 898 2069 1014 2155; x_wconf 85' lang='grc' dir='ltr'><strong><em>μικρόν</em></strong></span> <span class='ocrx_word' id='word_1_144' title='bbox 1027 2072 1187 2137; x_wconf 76' lang='grc' dir='ltr'><strong><em>ἐνδιδόναι</em></strong></span> <span class='ocrx_word' id='word_1_145' title='bbox 1211 2081 1276 2147; x_wconf 75' lang='grc' dir='ltr'><strong><em>τοῖς</em></strong></span> 
     </span>
     <span class='ocr_line' id='line_1_18' title="bbox 174 2164 1276 2258; baseline -0.001 -21"><span class='ocrx_word' id='word_1_146' title='bbox 174 2171 345 2257; x_wconf 84' lang='grc' dir='ltr'><strong><em>διαφόροις</em></strong></span> <span class='ocrx_word' id='word_1_147' title='bbox 366 2173 429 2237; x_wconf 83' lang='grc' dir='ltr'><strong>τόν</strong></span> <span class='ocrx_word' id='word_1_148' title='bbox 450 2170 644 2258; x_wconf 83' lang='grc' dir='ltr'><strong><em>προσιόντων</em></strong></span> <span class='ocrx_word' id='word_1_149' title='bbox 666 2166 760 2258; x_wconf 73' lang='grc' dir='ltr'><strong><em>ἤθεσι</em></strong></span> <span class='ocrx_word' id='word_1_150' title='bbox 775 2176 816 2237; x_wconf 90' lang='grc' dir='ltr'><strong><em>δι’</em></strong></span> <span class='ocrx_word' id='word_1_151' title='bbox 833 2176 971 2258; x_wconf 80' lang='grc' dir='ltr'><strong><em>α’ναγκην</em></strong></span> <span class='ocrx_word' id='word_1_152' title='bbox 984 2171 1096 2255; x_wconf 82' lang='grc' dir='ltr'><strong><em>ε’νίοτε,</em></strong></span> <span class='ocrx_word' id='word_1_153' title='bbox 1113 2164 1195 2237; x_wconf 81' lang='grc' dir='ltr'><strong><em>όόοτε</em></strong></span> <span class='ocrx_word' id='word_1_154' title='bbox 1217 2169 1276 2255; x_wconf 73' lang='grc' dir='ltr'><strong>τήν</strong></span> 
     </span>
     <span class='ocr_line' id='line_1_19' title="bbox 173 2270 1339 2358; baseline 0 -21"><span class='ocrx_word' id='word_1_155' title='bbox 173 2271 208 2337; x_wconf 80' lang='grc' dir='ltr'><strong>ἐν</strong></span> <span class='ocrx_word' id='word_1_156' title='bbox 229 2280 293 2347; x_wconf 83' lang='grc' dir='ltr'><strong><em>τοῖς</em></strong></span> <span class='ocrx_word' id='word_1_157' title='bbox 324 2274 458 2358; x_wconf 85' lang='grc' dir='ltr'><strong><em>καιρίοις</em></strong></span> <span class='ocrx_word' id='word_1_158' title='bbox 488 2278 542 2358; x_wconf 75' lang='grc' dir='ltr'><strong>τῆς</strong></span> <span class='ocrx_word' id='word_1_159' title='bbox 573 2276 707 2351; x_wconf 85' lang='grc' dir='ltr'><strong><em>πίστεως</em></strong></span> <span class='ocrx_word' id='word_1_160' title='bbox 730 2274 919 2357; x_wconf 88' lang='grc' dir='ltr'><strong><em>όμολογιάν,</em></strong></span> <span class='ocrx_word' id='word_1_161' title='bbox 949 2276 979 2339; x_wconf 85' lang='grc' dir='ltr'><strong>εἰ</strong></span> <span class='ocrx_word' id='word_1_162' title='bbox 1004 2276 1059 2337; x_wconf 85' lang='grc' dir='ltr'><strong><em>καί</em></strong></span> <span class='ocrx_word' id='word_1_163' title='bbox 1077 2270 1121 2357; x_wconf 64' lang='grc' dir='ltr'><strong>μή</strong></span> <span class='ocrx_word' id='word_1_164' title='bbox 1146 2276 1339 2355; x_wconf 49' lang='lat' dir='ltr'><strong>liberast</strong></span> 
     </span>
     <span class='ocr_line' id='line_1_20' title="bbox 175 2364 1275 2461; baseline -0.002 -24"><span class='ocrx_word' id='word_1_165' title='bbox 175 2368 255 2437; x_wconf 87' lang='grc' dir='ltr'><strong><em>α’λλό</em></strong></span> <span class='ocrx_word' id='word_1_166' title='bbox 276 2397 316 2456; x_wconf 83' lang='grc' dir='ltr'><strong>γε</strong></span> <span class='ocrx_word' id='word_1_167' title='bbox 332 2383 402 2449; x_wconf 79' lang='grc' dir='ltr'><strong><em>ταῖς</em></strong></span> <span class='ocrx_word' id='word_1_168' title='bbox 426 2378 560 2451; x_wconf 77' lang='grc' dir='ltr'><strong><em>ἐννοίαις</em></strong></span> <span class='ocrx_word' id='word_1_169' title='bbox 573 2372 791 2461; x_wconf 76' lang='grc' dir='ltr'><strong><em>φυλάττεσθαι</em></strong></span> <span class='ocrx_word' id='word_1_170' title='bbox 805 2372 1024 2455; x_wconf 79' lang='grc' dir='ltr'><strong><em>α’παρόβατον.</em></strong></span> <span class='ocrx_word' id='word_1_171' title='bbox 1068 2377 1101 2437; x_wconf 81' lang='grc' dir='ltr'><strong>όν</strong></span> <span class='ocrx_word' id='word_1_172' title='bbox 1127 2364 1173 2448; x_wconf 82' lang='grc' dir='ltr'><strong>οἷς</strong></span> <span class='ocrx_word' id='word_1_173' title='bbox 1194 2374 1275 2449; x_wconf 81' lang='grc' dir='ltr'><strong><em>ε’ξεῖ-</em></strong></span> 
     </span>
    </p>

    <p class='ocr_par' dir='ltr' id='par_1_6' title="bbox 124 2468 1379 2865">
     <span class='ocr_line' id='line_1_21' title="bbox 124 2468 1275 2561; baseline -0.002 -22"><span class='ocrx_word' id='word_1_174' title='bbox 124 2472 232 2545; x_wconf 76' lang='grc' dir='ltr'><strong><em>2οναί</em></strong></span> <span class='ocrx_word' id='word_1_175' title='bbox 247 2498 326 2560; x_wconf 78' lang='grc' dir='ltr'><strong><em>φησι</em></strong></span> <span class='ocrx_word' id='word_1_176' title='bbox 348 2476 440 2561; x_wconf 76' lang='grc' dir='ltr'><strong><em>τήνδε</em></strong></span> <span class='ocrx_word' id='word_1_177' title='bbox 464 2470 484 2560; x_wconf 77' lang='grc' dir='ltr'><em>ἢ</em></span> <span class='ocrx_word' id='word_1_178' title='bbox 503 2474 597 2560; x_wconf 80' lang='grc' dir='ltr'><strong><em>τήνδε</em></strong></span> <span class='ocrx_word' id='word_1_179' title='bbox 617 2476 672 2560; x_wconf 74' lang='grc' dir='ltr'><strong>τήν</strong></span> <span class='ocrx_word' id='word_1_180' title='bbox 687 2478 769 2554; x_wconf 79' lang='grc' dir='ltr'><strong><em>λέξιν</em></strong></span> <span class='ocrx_word' id='word_1_181' title='bbox 792 2479 848 2539; x_wconf 87' lang='grc' dir='ltr'><strong><em>καί</em></strong></span> <span class='ocrx_word' id='word_1_182' title='bbox 868 2478 909 2538; x_wconf 90' lang='grc' dir='ltr'><strong><em>δι’</em></strong></span> <span class='ocrx_word' id='word_1_183' title='bbox 934 2468 1048 2560; x_wconf 70' lang='grc' dir='ltr'><strong><em>ἑτέρων</em></strong></span> <span class='ocrx_word' id='word_1_184' title='bbox 1062 2470 1275 2557; x_wconf 88' lang='grc' dir='ltr'><strong><em>όμοδονόμων</em></strong></span> 
     </span>
     <span class='ocr_line' id='line_1_22' title="bbox 173 2567 1277 2665; baseline -0.001 -24"><span class='ocrx_word' id='word_1_185' title='bbox 173 2577 229 2641; x_wconf 85' lang='grc' dir='ltr'><strong><em>καί</em></strong></span> <span class='ocrx_word' id='word_1_186' title='bbox 241 2581 519 2664; x_wconf 82' lang='grc' dir='ltr'><strong><em>ε’κφοντιιιωτδρων</em></strong></span> <span class='ocrx_word' id='word_1_187' title='bbox 531 2583 644 2658; x_wconf 75' lang='grc' dir='ltr'><strong><em>λέξεων</em></strong></span> <span class='ocrx_word' id='word_1_188' title='bbox 659 2581 831 2665; x_wconf 77' lang='grc' dir='ltr'><strong><em>διασαφεῖν</em></strong></span> <span class='ocrx_word' id='word_1_189' title='bbox 844 2576 900 2642; x_wconf 90' lang='grc' dir='ltr'><strong>τόν</strong></span> <span class='ocrx_word' id='word_1_190' title='bbox 915 2580 1079 2663; x_wconf 72' lang='grc' dir='ltr'><strong><em>θεοπρεπῆ</em></strong></span> <span class='ocrx_word' id='word_1_191' title='bbox 1092 2567 1219 2659; x_wconf 87' lang='grc' dir='ltr'><strong><em>τρόπον.</em></strong></span> <span class='ocrx_word' id='word_1_192' title='bbox 1238 2571 1277 2640; x_wconf 74' lang='lat' dir='ltr'><strong>osi</strong></span> 
     </span>
     <span class='ocr_line' id='line_1_23' title="bbox 172 2674 1278 2764; baseline -0.001 -22"><span class='ocrx_word' id='word_1_193' title='bbox 172 2681 228 2742; x_wconf 81' lang='grc' dir='ltr'><strong>δεῖ</strong></span> <span class='ocrx_word' id='word_1_194' title='bbox 243 2680 288 2759; x_wconf 78' lang='grc' dir='ltr'><strong>δέ,</strong></span> <span class='ocrx_word' id='word_1_195' title='bbox 313 2676 410 2764; x_wconf 84' lang='grc' dir='ltr'><strong><em>φησίν</em></strong></span> <span class='ocrx_word' id='word_1_196' title='bbox 432 2677 641 2760; x_wconf 80' lang='grc' dir='ltr'><strong><em>Ἀθανόσιος,</em></strong></span> <span class='ocrx_word' id='word_1_197' title='bbox 663 2676 703 2743; x_wconf 83' lang='grc' dir='ltr'><strong>τό</strong></span> <span class='ocrx_word' id='word_1_198' title='bbox 727 2683 794 2744; x_wconf 85' lang='grc' dir='ltr'><strong><em>κατ’</em></strong></span> <span class='ocrx_word' id='word_1_199' title='bbox 817 2680 996 2760; x_wconf 82' lang='grc' dir='ltr'><strong><em>οἰκονομίαν</em></strong></span> <span class='ocrx_word' id='word_1_200' title='bbox 1016 2677 1204 2764; x_wconf 87' lang='grc' dir='ltr'><strong><em>γραφόμενα</em></strong></span> <span class='ocrx_word' id='word_1_201' title='bbox 1222 2674 1278 2741; x_wconf 84' lang='grc' dir='ltr'><strong><em>καί</em></strong></span> 
     </span>
     <span class='ocr_line' id='line_1_24' title="bbox 171 2772 1379 2865; baseline -0.002 -21"><span class='ocrx_word' id='word_1_202' title='bbox 171 2777 319 2864; x_wconf 89' lang='grc' dir='ltr'><strong><em>γινόμενα</em></strong></span> <span class='ocrx_word' id='word_1_203' title='bbox 333 2781 485 2862; x_wconf 75' lang='grc' dir='ltr'><strong><em>δέχεσθαι</em></strong></span> <span class='ocrx_word' id='word_1_204' title='bbox 501 2778 700 2865; x_wconf 86' lang='grc' dir='ltr'><strong><em>κακοτρόπως</em></strong></span> <span class='ocrx_word' id='word_1_205' title='bbox 716 2779 769 2846; x_wconf 86' lang='grc' dir='ltr'><strong><em>καί</em></strong></span> <span class='ocrx_word' id='word_1_206' title='bbox 786 2777 865 2865; x_wconf 84' lang='grc' dir='ltr'><strong><em>πρός</em></strong></span> <span class='ocrx_word' id='word_1_207' title='bbox 876 2777 932 2864; x_wconf 69' lang='grc' dir='ltr'><strong>τόν</strong></span> <span class='ocrx_word' id='word_1_208' title='bbox 943 2781 1029 2845; x_wconf 85' lang='grc' dir='ltr'><strong><em>ἰδίαν</em></strong></span> <span class='ocrx_word' id='word_1_209' title='bbox 1043 2779 1144 2844; x_wconf 76' lang='grc' dir='ltr'><strong><em>ἕλκειν</em></strong></span> <span class='ocrx_word' id='word_1_210' title='bbox 1154 2772 1286 2862; x_wconf 66' lang='lat' dir='ltr'><strong>dorida-³</strong></span> <span class='ocrx_word' id='word_1_211' title='bbox 1375 2809 1379 2816; x_wconf 90' lang='lat'>·</span> 
     </span>
    </p>
   </div>
   <div class='ocr_carea' id='block_1_3' title="bbox 172 2980 1382 4403">
    <p class='ocr_par' dir='ltr' id='par_1_7' title="bbox 173 2980 1275 3122">
     <span class='ocr_line' id='line_1_25' title="bbox 173 2980 1275 3052; baseline -0.004 -16"><span class='ocrx_word' id='word_1_212' title='bbox 173 2984 240 3037; x_wconf 87' lang='lat' dir='ltr'><strong>deus</strong></span> <span class='ocrx_word' id='word_1_213' title='bbox 258 2989 354 3052; x_wconf 87' lang='lat' dir='ltr'><strong>potens</strong></span> <span class='ocrx_word' id='word_1_214' title='bbox 375 2983 461 3036; x_wconf 86' lang='lat' dir='ltr'><strong>instas</strong></span> <span class='ocrx_word' id='word_1_215' title='bbox 478 2983 613 3036; x_wconf 86' lang='lat' dir='ltr'><strong>increatus</strong></span> <span class='ocrx_word' id='word_1_216' title='bbox 631 2983 733 3037; x_wconf 79' lang='lat' dir='ltr'><strong>veritas</strong></span> <span class='ocrx_word' id='word_1_217' title='bbox 754 2982 944 3052; x_wconf 76' lang='lat' dir='ltr'><strong>sapientioris</strong></span> <span class='ocrx_word' id='word_1_218' title='bbox 963 2982 1020 3036; x_wconf 82' lang='lat' dir='ltr'><strong>rita</strong></span> <span class='ocrx_word' id='word_1_219' title='bbox 1040 2980 1130 3035; x_wconf 88' lang='lat' dir='ltr'><strong>lumen</strong></span> <span class='ocrx_word' id='word_1_220' title='bbox 1150 2982 1275 3036; x_wconf 78' lang='lat' dir='ltr'><strong>efficien-</strong></span> 
     </span>
     <span class='ocr_line' id='line_1_26' title="bbox 186 3054 375 3122; baseline -0.016 -14"><span class='ocrx_word' id='word_1_221' title='bbox 186 3056 225 3108; x_wconf 92' lang='lat' dir='ltr'><strong>tia</strong></span> <span class='ocrx_word' id='word_1_222' title='bbox 247 3054 375 3122; x_wconf 87' lang='lat' dir='ltr'><strong>taliaque.</strong></span> 
     </span>
    </p>

    <p class='ocr_par' dir='ltr' id='par_1_8' title="bbox 172 3123 1382 4403">
     <span class='ocr_line' id='line_1_27' title="bbox 277 3123 1382 3194; baseline -0.005 -14"><span class='ocrx_word' id='word_1_223' title='bbox 277 3125 343 3180; x_wconf 85' lang='lat' dir='ltr'><strong>Cum</strong></span> <span class='ocrx_word' id='word_1_224' title='bbox 372 3133 460 3178; x_wconf 89' lang='lat' dir='ltr'><strong>antem</strong></span> <span class='ocrx_word' id='word_1_225' title='bbox 480 3127 534 3180; x_wconf 85' lang='lat' dir='ltr'><strong>suis</strong></span> <span class='ocrx_word' id='word_1_226' title='bbox 560 3127 645 3194; x_wconf 82' lang='lat' dir='ltr'><strong>ipsius</strong></span> <span class='ocrx_word' id='word_1_227' title='bbox 664 3125 755 3178; x_wconf 85' lang='lat' dir='ltr'><strong>verbis</strong></span> <span class='ocrx_word' id='word_1_228' title='bbox 784 3134 811 3178; x_wconf 88' lang='lat' dir='ltr'><strong>et</strong></span> <span class='ocrx_word' id='word_1_229' title='bbox 837 3126 944 3193; x_wconf 87' lang='lat' dir='ltr'><strong>scriptis</strong></span> <span class='ocrx_word' id='word_1_230' title='bbox 964 3126 1022 3192; x_wconf 81' lang='lat' dir='ltr'><strong>capi</strong></span> <span class='ocrx_word' id='word_1_231' title='bbox 1042 3123 1160 3177; x_wconf 83' lang='lat' dir='ltr'><strong>Palamas</strong></span> <span class='ocrx_word' id='word_1_232' title='bbox 1180 3140 1210 3177; x_wconf 86' lang='lat' dir='ltr'><strong>se</strong></span> <span class='ocrx_word' id='word_1_233' title='bbox 1229 3127 1275 3178; x_wconf 86' lang='lat' dir='ltr'><strong>vi.</strong></span> <span class='ocrx_word' id='word_1_234' title='bbox 1376 3123 1382 3136; x_wconf 89' lang='grc'><em>“</em></span> 
     </span>
     <span class='ocr_line' id='line_1_28' title="bbox 174 3196 1307 3265; baseline -0.003 -15"><span class='ocrx_word' id='word_1_235' title='bbox 174 3199 252 3250; x_wconf 87' lang='lat' dir='ltr'><strong>deret</strong></span> <span class='ocrx_word' id='word_1_236' title='bbox 277 3198 423 3262; x_wconf 86' lang='lat' dir='ltr'><strong>contiuuo,</strong></span> <span class='ocrx_word' id='word_1_237' title='bbox 452 3207 506 3250; x_wconf 84' lang='lat' dir='ltr'><strong>non</strong></span> <span class='ocrx_word' id='word_1_238' title='bbox 538 3198 566 3249; x_wconf 93' lang='lat' dir='ltr'><strong>in</strong></span> <span class='ocrx_word' id='word_1_239' title='bbox 597 3198 702 3260; x_wconf 88' lang='lat' dir='ltr'><strong>verbis,</strong></span> <span class='ocrx_word' id='word_1_240' title='bbox 725 3199 828 3265; x_wconf 90' lang='lat' dir='ltr'><strong>inquit,</strong></span> <span class='ocrx_word' id='word_1_241' title='bbox 855 3214 944 3265; x_wconf 89' lang='lat' dir='ltr'><strong>neque</strong></span> <span class='ocrx_word' id='word_1_242' title='bbox 970 3198 1077 3248; x_wconf 87' lang='lat' dir='ltr'><strong>omniuo</strong></span> <span class='ocrx_word' id='word_1_243' title='bbox 1103 3196 1131 3246; x_wconf 92' lang='lat' dir='ltr'><strong>in</strong></span> <span class='ocrx_word' id='word_1_244' title='bbox 1157 3197 1274 3263; x_wconf 87' lang='lat' dir='ltr'><strong>scriptis,</strong></span> <span class='ocrx_word' id='word_1_245' title='bbox 1297 3215 1307 3234; x_wconf 58' lang='grc' dir='ltr'><strong><em>ι</em></strong></span> 
     </span>
     <span class='ocr_line' id='line_1_29' title="bbox 173 3266 1274 3336; baseline -0.005 -14"><span class='ocrx_word' id='word_1_246' title='bbox 173 3269 223 3322; x_wconf 82' lang='lat' dir='ltr'><strong>sed</strong></span> <span class='ocrx_word' id='word_1_247' title='bbox 242 3268 269 3320; x_wconf 88' lang='lat' dir='ltr'><strong>iu</strong></span> <span class='ocrx_word' id='word_1_248' title='bbox 291 3269 370 3322; x_wconf 88' lang='lat' dir='ltr'><strong>rebus</strong></span> <span class='ocrx_word' id='word_1_249' title='bbox 395 3270 495 3321; x_wconf 90' lang='lat' dir='ltr'><strong>uostris</strong></span> <span class='ocrx_word' id='word_1_250' title='bbox 522 3270 609 3336; x_wconf 86' lang='lat' dir='ltr'><strong>pietas</strong></span> <span class='ocrx_word' id='word_1_251' title='bbox 633 3270 752 3322; x_wconf 90' lang='lat' dir='ltr'><strong>cernitur</strong></span> <span class='ocrx_word' id='word_1_252' title='bbox 778 3269 924 3320; x_wconf 89' lang='lat' dir='ltr'><strong>secundum</strong></span> <span class='ocrx_word' id='word_1_253' title='bbox 947 3267 1100 3334; x_wconf 85' lang='lat' dir='ltr'><strong>theologos.</strong></span> <span class='ocrx_word' id='word_1_254' title='bbox 1137 3266 1274 3333; x_wconf 87' lang='lat' dir='ltr'><strong>paululum</strong></span> 
     </span>
     <span class='ocr_line' id='line_1_30' title="bbox 173 3339 1273 3409; baseline -0.003 -17"><span class='ocrx_word' id='word_1_255' title='bbox 173 3340 258 3409; x_wconf 90' lang='lat' dir='ltr'><strong>igitur</strong></span> <span class='ocrx_word' id='word_1_256' title='bbox 276 3348 393 3392; x_wconf 87' lang='lat' dir='ltr'><strong>moratus</strong></span> <span class='ocrx_word' id='word_1_257' title='bbox 414 3340 565 3409; x_wconf 85' lang='lat' dir='ltr'><strong>Gregoras:</strong></span> <span class='ocrx_word' id='word_1_258' title='bbox 594 3355 659 3408; x_wconf 85' lang='lat' dir='ltr'><strong>pro,</strong></span> <span class='ocrx_word' id='word_1_259' title='bbox 679 3341 776 3408; x_wconf 86' lang='lat' dir='ltr'><strong>inquit,</strong></span> <span class='ocrx_word' id='word_1_260' title='bbox 796 3339 955 3404; x_wconf 88' lang='lat' dir='ltr'><strong>stultitiam,</strong></span> <span class='ocrx_word' id='word_1_261' title='bbox 977 3347 1003 3390; x_wconf 90' lang='lat' dir='ltr'><strong>et</strong></span> <span class='ocrx_word' id='word_1_262' title='bbox 1020 3339 1173 3405; x_wconf 86' lang='lat' dir='ltr'><strong>despiciens</strong></span> <span class='ocrx_word' id='word_1_263' title='bbox 1194 3353 1273 3389; x_wconf 85' lang='lat' dir='ltr'><strong>eum:</strong></span> 
     </span>
     <span class='ocr_line' id='line_1_31' title="bbox 175 3410 1275 3480; baseline -0.002 -18"><span class='ocrx_word' id='word_1_264' title='bbox 175 3425 241 3478; x_wconf 82' lang='lat' dir='ltr'><strong>ergo</strong></span> <span class='ocrx_word' id='word_1_265' title='bbox 263 3411 384 3480; x_wconf 78' lang='lat' dir='ltr'><strong>fugiebat</strong></span> <span class='ocrx_word' id='word_1_266' title='bbox 410 3425 470 3476; x_wconf 89' lang='lat' dir='ltr'><strong>nos,</strong></span> <span class='ocrx_word' id='word_1_267' title='bbox 496 3413 596 3479; x_wconf 89' lang='lat' dir='ltr'><strong>inquit,</strong></span> <span class='ocrx_word' id='word_1_268' title='bbox 617 3420 644 3463; x_wconf 91' lang='lat' dir='ltr'><strong>te</strong></span> <span class='ocrx_word' id='word_1_269' title='bbox 669 3427 729 3463; x_wconf 89' lang='lat' dir='ltr'><strong>esse</strong></span> <span class='ocrx_word' id='word_1_270' title='bbox 748 3413 851 3464; x_wconf 90' lang='lat' dir='ltr'><strong>aurium</strong></span> <span class='ocrx_word' id='word_1_271' title='bbox 877 3411 1029 3464; x_wconf 81' lang='lat' dir='ltr'><strong>obtusorum</strong></span> <span class='ocrx_word' id='word_1_272' title='bbox 1061 3417 1089 3461; x_wconf 89' lang='lat' dir='ltr'><strong>et</strong></span> <span class='ocrx_word' id='word_1_273' title='bbox 1117 3410 1223 3461; x_wconf 87' lang='lat' dir='ltr'><strong>surdum</strong></span> <span class='ocrx_word' id='word_1_274' title='bbox 1248 3416 1275 3460; x_wconf 90' lang='lat' dir='ltr'><strong>et</strong></span> 
     </span>
     <span class='ocr_line' id='line_1_32' title="bbox 177 3481 1273 3550; baseline -0.004 -16"><span class='ocrx_word' id='word_1_275' title='bbox 177 3483 288 3534; x_wconf 89' lang='lat' dir='ltr'><strong>omnino</strong></span> <span class='ocrx_word' id='word_1_276' title='bbox 298 3484 427 3550; x_wconf 85' lang='lat' dir='ltr'><strong>ignarum</strong></span> <span class='ocrx_word' id='word_1_277' title='bbox 442 3483 597 3535; x_wconf 73' lang='lat' dir='ltr'><strong>festivitatis</strong></span> <span class='ocrx_word' id='word_1_278' title='bbox 617 3491 643 3534; x_wconf 92' lang='lat' dir='ltr'><strong>et</strong></span> <span class='ocrx_word' id='word_1_279' title='bbox 657 3482 847 3535; x_wconf 74' lang='lat' dir='ltr'><strong>celebrationis</strong></span> <span class='ocrx_word' id='word_1_280' title='bbox 858 3483 952 3535; x_wconf 86' lang='lat' dir='ltr'><strong>doctae</strong></span> <span class='ocrx_word' id='word_1_281' title='bbox 964 3482 1092 3534; x_wconf 90' lang='lat' dir='ltr'><strong>librorum</strong></span> <span class='ocrx_word' id='word_1_282' title='bbox 1111 3481 1273 3544; x_wconf 80' lang='lat' dir='ltr'><strong>divinorum,</strong></span> 
     </span>
     <span class='ocr_line' id='line_1_33' title="bbox 176 3553 1274 3621; baseline -0.002 -17"><span class='ocrx_word' id='word_1_283' title='bbox 176 3561 204 3604; x_wconf 91' lang='lat' dir='ltr'><strong>et</strong></span> <span class='ocrx_word' id='word_1_284' title='bbox 222 3554 365 3606; x_wconf 89' lang='lat' dir='ltr'><strong>inserendo</strong></span> <span class='ocrx_word' id='word_1_285' title='bbox 386 3562 413 3605; x_wconf 89' lang='lat' dir='ltr'><strong>ct</strong></span> <span class='ocrx_word' id='word_1_286' title='bbox 423 3556 621 3621; x_wconf 82' lang='lat' dir='ltr'><strong>transponendo</strong></span> <span class='ocrx_word' id='word_1_287' title='bbox 634 3553 742 3608; x_wconf 79' lang='lat' dir='ltr'><strong>aliunde</strong></span> <span class='ocrx_word' id='word_1_288' title='bbox 752 3554 818 3606; x_wconf 90' lang='lat' dir='ltr'><strong>alibi</strong></span> <span class='ocrx_word' id='word_1_289' title='bbox 829 3564 987 3621; x_wconf 87' lang='lat' dir='ltr'><strong>pervertere</strong></span> <span class='ocrx_word' id='word_1_290' title='bbox 1001 3553 1152 3621; x_wconf 83' lang='lat' dir='ltr'><strong>ignorantia</strong></span> <span class='ocrx_word' id='word_1_291' title='bbox 1171 3567 1274 3602; x_wconf 86' lang='lat' dir='ltr'><strong>omnem</strong></span> 
     </span>
     <span class='ocr_line' id='line_1_34' title="bbox 175 3621 1275 3693; baseline -0.006 -15"><span class='ocrx_word' id='word_1_292' title='bbox 175 3639 282 3678; x_wconf 82' lang='lat' dir='ltr'><strong>sensum</strong></span> <span class='ocrx_word' id='word_1_293' title='bbox 302 3633 329 3676; x_wconf 91' lang='lat' dir='ltr'><strong>et</strong></span> <span class='ocrx_word' id='word_1_294' title='bbox 349 3640 429 3676; x_wconf 89' lang='lat' dir='ltr'><strong>omne</strong></span> <span class='ocrx_word' id='word_1_295' title='bbox 450 3625 590 3678; x_wconf 89' lang='lat' dir='ltr'><strong>consilium</strong></span> <span class='ocrx_word' id='word_1_296' title='bbox 610 3624 778 3693; x_wconf 81' lang='lat' dir='ltr'><strong>scripturae?</strong></span> <span class='ocrx_word' id='word_1_297' title='bbox 821 3625 872 3677; x_wconf 90' lang='lat' dir='ltr'><strong>boc</strong></span> <span class='ocrx_word' id='word_1_298' title='bbox 900 3628 969 3678; x_wconf 90' lang='lat' dir='ltr'><strong>enim</strong></span> <span class='ocrx_word' id='word_1_299' title='bbox 987 3640 1099 3692; x_wconf 86' lang='lat' dir='ltr'><strong>magnus</strong></span> <span class='ocrx_word' id='word_1_300' title='bbox 1118 3625 1145 3674; x_wconf 93' lang='lat' dir='ltr'><strong>in</strong></span> <span class='ocrx_word' id='word_1_301' title='bbox 1164 3621 1275 3673; x_wconf 85' lang='lat' dir='ltr'><strong>theolo-</strong></span> 
     </span>
     <span class='ocr_line' id='line_1_35' title="bbox 174 3695 1274 3765; baseline -0.002 -19"><span class='ocrx_word' id='word_1_302' title='bbox 174 3697 220 3764; x_wconf 90' lang='lat' dir='ltr'><strong>gia</strong></span> <span class='ocrx_word' id='word_1_303' title='bbox 239 3695 304 3747; x_wconf 86' lang='lat' dir='ltr'><strong>dicit</strong></span> <span class='ocrx_word' id='word_1_304' title='bbox 326 3696 472 3762; x_wconf 80' lang='lat' dir='ltr'><strong>Gregorius</strong></span> <span class='ocrx_word' id='word_1_305' title='bbox 492 3713 524 3748; x_wconf 90' lang='lat' dir='ltr'><strong>ea</strong></span> <span class='ocrx_word' id='word_1_306' title='bbox 544 3713 612 3765; x_wconf 86' lang='lat' dir='ltr'><strong>quae</strong></span> <span class='ocrx_word' id='word_1_307' title='bbox 632 3713 647 3749; x_wconf 88' lang='lat' dir='ltr'><strong>a</strong></span> <span class='ocrx_word' id='word_1_308' title='bbox 667 3697 797 3764; x_wconf 77' lang='lat' dir='ltr'><strong>Dionysio</strong></span> <span class='ocrx_word' id='word_1_309' title='bbox 815 3698 908 3748; x_wconf 85' lang='lat' dir='ltr'><strong>divino</strong></span> <span class='ocrx_word' id='word_1_310' title='bbox 934 3698 1003 3747; x_wconf 87' lang='lat' dir='ltr'><strong>dicta</strong></span> <span class='ocrx_word' id='word_1_311' title='bbox 1023 3703 1084 3748; x_wconf 89' lang='lat' dir='ltr'><strong>sunt</strong></span> <span class='ocrx_word' id='word_1_312' title='bbox 1105 3695 1274 3757; x_wconf 84' lang='lat' dir='ltr'><strong>confirmans,</strong></span> 
     </span>
     <span class='ocr_line' id='line_1_36' title="bbox 173 3768 1274 3836; baseline -0.005 -18"><span class='ocrx_word' id='word_1_313' title='bbox 173 3774 257 3834; x_wconf 82' lang='lat' dir='ltr'><strong>puto,</strong></span> <span class='ocrx_word' id='word_1_314' title='bbox 285 3774 312 3818; x_wconf 90' lang='lat' dir='ltr'><strong>ct</strong></span> <span class='ocrx_word' id='word_1_315' title='bbox 331 3768 482 3819; x_wconf 89' lang='lat' dir='ltr'><strong>concedens</strong></span> <span class='ocrx_word' id='word_1_316' title='bbox 511 3776 537 3819; x_wconf 93' lang='lat' dir='ltr'><strong>et</strong></span> <span class='ocrx_word' id='word_1_317' title='bbox 556 3770 615 3835; x_wconf 85' lang='lat' dir='ltr'><strong>ipse</strong></span> <span class='ocrx_word' id='word_1_318' title='bbox 635 3776 661 3819; x_wconf 94' lang='lat' dir='ltr'><strong>et</strong></span> <span class='ocrx_word' id='word_1_319' title='bbox 679 3770 870 3836; x_wconf 88' lang='lat' dir='ltr'><strong>quodammodo</strong></span> <span class='ocrx_word' id='word_1_320' title='bbox 888 3768 1041 3829; x_wconf 84' lang='lat' dir='ltr'><strong>‚adhortans</strong></span> <span class='ocrx_word' id='word_1_321' title='bbox 1058 3775 1086 3817; x_wconf 94' lang='lat' dir='ltr'><strong>ut</strong></span> <span class='ocrx_word' id='word_1_322' title='bbox 1103 3781 1184 3833; x_wconf 82' lang='lat' dir='ltr'><strong>parco</strong></span> <span class='ocrx_word' id='word_1_323' title='bbox 1204 3781 1274 3833; x_wconf 87' lang='lat' dir='ltr'><strong>qno.</strong></span> 
     </span>
     <span class='ocr_line' id='line_1_37' title="bbox 174 3837 1275 3907; baseline -0.002 -17"><span class='ocrx_word' id='word_1_324' title='bbox 174 3840 234 3890; x_wconf 88' lang='lat' dir='ltr'><strong>dam</strong></span> <span class='ocrx_word' id='word_1_325' title='bbox 256 3839 333 3890; x_wconf 88' lang='lat' dir='ltr'><strong>modo</strong></span> <span class='ocrx_word' id='word_1_326' title='bbox 354 3840 498 3890; x_wconf 89' lang='lat' dir='ltr'><strong>occasione</strong></span> <span class='ocrx_word' id='word_1_327' title='bbox 518 3839 550 3890; x_wconf 88' lang='lat' dir='ltr'><strong>ad</strong></span> <span class='ocrx_word' id='word_1_328' title='bbox 572 3855 619 3892; x_wconf 89' lang='lat' dir='ltr'><strong>cos</strong></span> <span class='ocrx_word' id='word_1_329' title='bbox 638 3838 776 3903; x_wconf 84' lang='lat' dir='ltr'><strong>affabiles,</strong></span> <span class='ocrx_word' id='word_1_330' title='bbox 801 3841 847 3907; x_wconf 89' lang='lat' dir='ltr'><strong>qui</strong></span> <span class='ocrx_word' id='word_1_331' title='bbox 867 3841 894 3891; x_wconf 92' lang='lat' dir='ltr'><strong>in</strong></span> <span class='ocrx_word' id='word_1_332' title='bbox 913 3839 1054 3891; x_wconf 84' lang='lat' dir='ltr'><strong>sententiis</strong></span> <span class='ocrx_word' id='word_1_333' title='bbox 1073 3846 1100 3890; x_wconf 92' lang='lat' dir='ltr'><strong>et</strong></span> <span class='ocrx_word' id='word_1_334' title='bbox 1119 3837 1275 3905; x_wconf 86' lang='lat' dir='ltr'><strong>cognitione</strong></span> 
     </span>
     <span class='ocr_line' id='line_1_38' title="bbox 173 3908 1274 3978; baseline -0.005 -15"><span class='ocrx_word' id='word_1_335' title='bbox 173 3911 230 3963; x_wconf 87' lang='lat' dir='ltr'><strong>sint</strong></span> <span class='ocrx_word' id='word_1_336' title='bbox 248 3909 359 3974; x_wconf 85' lang='lat' dir='ltr'><strong>diversi,</strong></span> <span class='ocrx_word' id='word_1_337' title='bbox 379 3919 495 3962; x_wconf 88' lang='lat' dir='ltr'><strong>vocante</strong></span> <span class='ocrx_word' id='word_1_338' title='bbox 514 3918 617 3962; x_wconf 88' lang='lat' dir='ltr'><strong>utamur</strong></span> <span class='ocrx_word' id='word_1_339' title='bbox 636 3917 662 3961; x_wconf 91' lang='lat' dir='ltr'><strong>ct</strong></span> <span class='ocrx_word' id='word_1_340' title='bbox 690 3925 775 3976; x_wconf 83' lang='lat' dir='ltr'><strong>pauca</strong></span> <span class='ocrx_word' id='word_1_341' title='bbox 794 3911 980 3978; x_wconf 77' lang='lat' dir='ltr'><strong>indulgeamus</strong></span> <span class='ocrx_word' id='word_1_342' title='bbox 1006 3910 1119 3963; x_wconf 87' lang='lat' dir='ltr'><strong>diversis</strong></span> <span class='ocrx_word' id='word_1_343' title='bbox 1139 3908 1274 3960; x_wconf 84' lang='lat' dir='ltr'><strong>aeceden-</strong></span> 
     </span>
     <span class='ocr_line' id='line_1_39' title="bbox 174 3980 1275 4049; baseline -0.002 -17"><span class='ocrx_word' id='word_1_344' title='bbox 174 3981 241 4032; x_wconf 86' lang='lat' dir='ltr'><strong>tium</strong></span> <span class='ocrx_word' id='word_1_345' title='bbox 260 3981 377 4032; x_wconf 88' lang='lat' dir='ltr'><strong>moribus</strong></span> <span class='ocrx_word' id='word_1_346' title='bbox 396 3982 768 4049; x_wconf 77' lang='lat' dir='ltr'><strong>necessariononnuuquam:</strong></span> <span class='ocrx_word' id='word_1_347' title='bbox 787 3982 825 4033; x_wconf 90' lang='lat' dir='ltr'><strong>ita</strong></span> <span class='ocrx_word' id='word_1_348' title='bbox 844 3989 873 4032; x_wconf 90' lang='lat' dir='ltr'><strong>ut</strong></span> <span class='ocrx_word' id='word_1_349' title='bbox 891 3983 919 4032; x_wconf 92' lang='lat' dir='ltr'><strong>in</strong></span> <span class='ocrx_word' id='word_1_350' title='bbox 933 3981 1012 4033; x_wconf 86' lang='lat' dir='ltr'><strong>rebus</strong></span> <span class='ocrx_word' id='word_1_351' title='bbox 1028 3981 1195 4048; x_wconf 86' lang='lat' dir='ltr'><strong>gravissimis</strong></span> <span class='ocrx_word' id='word_1_352' title='bbox 1213 3980 1275 4031; x_wconf 82' lang='lat' dir='ltr'><strong>fidei</strong></span> 
     </span>
     <span class='ocr_line' id='line_1_40' title="bbox 174 4052 1275 4122; baseline 0 -20"><span class='ocrx_word' id='word_1_353' title='bbox 174 4053 318 4103; x_wconf 86' lang='lat' dir='ltr'><strong>consensio</strong></span> <span class='ocrx_word' id='word_1_354' title='bbox 339 4054 460 4120; x_wconf 83' lang='lat' dir='ltr'><strong>quamvis</strong></span> <span class='ocrx_word' id='word_1_355' title='bbox 480 4068 533 4104; x_wconf 91' lang='lat' dir='ltr'><strong>nou</strong></span> <span class='ocrx_word' id='word_1_356' title='bbox 554 4053 644 4104; x_wconf 90' lang='lat' dir='ltr'><strong>verbis</strong></span> <span class='ocrx_word' id='word_1_357' title='bbox 664 4052 759 4104; x_wconf 86' lang='lat' dir='ltr'><strong>saltem</strong></span> <span class='ocrx_word' id='word_1_358' title='bbox 771 4052 979 4122; x_wconf 85' lang='lat' dir='ltr'><strong>cogitationibus</strong></span> <span class='ocrx_word' id='word_1_359' title='bbox 998 4060 1122 4105; x_wconf 86' lang='lat' dir='ltr'><strong>servetur</strong></span> <span class='ocrx_word' id='word_1_360' title='bbox 1141 4059 1275 4104; x_wconf 89' lang='lat' dir='ltr'><strong>constans.</strong></span> 
     </span>
     <span class='ocr_line' id='line_1_41' title="bbox 173 4123 1276 4191; baseline -0.001 -17"><span class='ocrx_word' id='word_1_361' title='bbox 173 4137 227 4191; x_wconf 87' lang='lat' dir='ltr'><strong>qua</strong></span> <span class='ocrx_word' id='word_1_362' title='bbox 245 4123 273 4174; x_wconf 92' lang='lat' dir='ltr'><strong>in</strong></span> <span class='ocrx_word' id='word_1_363' title='bbox 292 4139 322 4173; x_wconf 89' lang='lat' dir='ltr'><strong>rc</strong></span> <span class='ocrx_word' id='word_1_364' title='bbox 341 4123 552 4177; x_wconf 82' lang='lat' dir='ltr'><strong>licere&#39;aitbanc</strong></span> <span class='ocrx_word' id='word_1_365' title='bbox 564 4124 609 4176; x_wconf 87' lang='lat' dir='ltr'><strong>vel</strong></span> <span class='ocrx_word' id='word_1_366' title='bbox 626 4123 700 4176; x_wconf 89' lang='lat' dir='ltr'><strong>illam</strong></span> <span class='ocrx_word' id='word_1_367' title='bbox 720 4139 815 4175; x_wconf 88' lang='lat' dir='ltr'><strong>vocem</strong></span> <span class='ocrx_word' id='word_1_368' title='bbox 827 4126 905 4175; x_wconf 89' lang='lat' dir='ltr'><strong>etiam</strong></span> <span class='ocrx_word' id='word_1_369' title='bbox 918 4124 979 4176; x_wconf 89' lang='lat' dir='ltr'><strong>aliis</strong></span> <span class='ocrx_word' id='word_1_370' title='bbox 992 4123 1123 4177; x_wconf 87' lang='lat' dir='ltr'><strong>similibus</strong></span> <span class='ocrx_word' id='word_1_371' title='bbox 1146 4132 1173 4175; x_wconf 89' lang='lat' dir='ltr'><strong>et</strong></span> <span class='ocrx_word' id='word_1_372' title='bbox 1192 4123 1276 4190; x_wconf 89' lang='lat' dir='ltr'><strong>magis</strong></span> 
     </span>
     <span class='ocr_line' id='line_1_42' title="bbox 172 4189 1277 4262; baseline -0.003 -15"><span class='ocrx_word' id='word_1_373' title='bbox 172 4194 386 4262; x_wconf 82' lang='lat' dir='ltr'><strong>significantibus</strong></span> <span class='ocrx_word' id='word_1_374' title='bbox 399 4195 511 4248; x_wconf 87' lang='lat' dir='ltr'><strong>vocibus</strong></span> <span class='ocrx_word' id='word_1_375' title='bbox 526 4195 662 4262; x_wconf 85' lang='lat' dir='ltr'><strong>explicare</strong></span> <span class='ocrx_word' id='word_1_376' title='bbox 676 4196 781 4247; x_wconf 90' lang='lat' dir='ltr'><strong>ratione</strong></span> <span class='ocrx_word' id='word_1_377' title='bbox 794 4196 844 4247; x_wconf 91' lang='lat' dir='ltr'><strong>deo</strong></span> <span class='ocrx_word' id='word_1_378' title='bbox 859 4189 1048 4260; x_wconf 81' lang='lat' dir='ltr'><strong>conveniente,</strong></span> <span class='ocrx_word' id='word_1_379' title='bbox 1064 4210 1118 4246; x_wconf 93' lang='lat' dir='ltr'><strong>non</strong></span> <span class='ocrx_word' id='word_1_380' title='bbox 1130 4202 1217 4248; x_wconf 91' lang='lat' dir='ltr'><strong>autem</strong></span> <span class='ocrx_word' id='word_1_381' title='bbox 1226 4195 1277 4244; x_wconf 90' lang='lat' dir='ltr'><strong>de-</strong></span> 
     </span>
     <span class='ocr_line' id='line_1_43' title="bbox 173 4264 1275 4336; baseline -0.004 -18"><span class='ocrx_word' id='word_1_382' title='bbox 173 4273 228 4330; x_wconf 87' lang='lat' dir='ltr'><strong>cet,</strong></span> <span class='ocrx_word' id='word_1_383' title='bbox 238 4266 276 4316; x_wconf 86' lang='lat' dir='ltr'><strong>ait</strong></span> <span class='ocrx_word' id='word_1_384' title='bbox 288 4264 460 4331; x_wconf 73' lang='lat' dir='ltr'><strong>Athanasius,</strong></span> <span class='ocrx_word' id='word_1_385' title='bbox 471 4283 581 4336; x_wconf 87' lang='lat' dir='ltr'><strong>eaquae</strong></span> <span class='ocrx_word' id='word_1_386' title='bbox 591 4282 671 4334; x_wconf 85' lang='lat' dir='ltr'><strong>parco</strong></span> <span class='ocrx_word' id='word_1_387' title='bbox 684 4267 762 4318; x_wconf 88' lang='lat' dir='ltr'><strong>modo</strong></span> <span class='ocrx_word' id='word_1_388' title='bbox 776 4267 928 4320; x_wconf 87' lang='lat' dir='ltr'><strong>scribantur</strong></span> <span class='ocrx_word' id='word_1_389' title='bbox 940 4275 967 4319; x_wconf 94' lang='lat' dir='ltr'><strong>et</strong></span> <span class='ocrx_word' id='word_1_390' title='bbox 976 4269 1042 4319; x_wconf 83' lang='lat' dir='ltr'><strong>bunt</strong></span> <span class='ocrx_word' id='word_1_391' title='bbox 1053 4267 1178 4332; x_wconf 84' lang='lat' dir='ltr'><strong>accipere</strong></span> <span class='ocrx_word' id='word_1_392' title='bbox 1192 4277 1275 4330; x_wconf 81' lang='lat' dir='ltr'><strong>pravo</strong></span> 
     </span>
     <span class='ocr_line' id='line_1_44' title="bbox 173 4336 1276 4403; baseline -0.005 -13"><span class='ocrx_word' id='word_1_393' title='bbox 173 4352 266 4402; x_wconf 83' lang='lat' dir='ltr'><strong>sensu,</strong></span> <span class='ocrx_word' id='word_1_394' title='bbox 284 4343 311 4388; x_wconf 87' lang='lat' dir='ltr'><strong>et</strong></span> <span class='ocrx_word' id='word_1_395' title='bbox 320 4337 347 4388; x_wconf 87' lang='lat' dir='ltr'><strong>in</strong></span> <span class='ocrx_word' id='word_1_396' title='bbox 360 4336 609 4393; x_wconf 79' lang='lat' dir='ltr'><strong>suamvoluntatem</strong></span> <span class='ocrx_word' id='word_1_397' title='bbox 620 4337 742 4392; x_wconf 78' lang='lat' dir='ltr'><strong>trahere:</strong></span> <span class='ocrx_word' id='word_1_398' title='bbox 758 4339 855 4392; x_wconf 88' lang='lat' dir='ltr'><strong>etenim</strong></span> <span class='ocrx_word' id='word_1_399' title='bbox 866 4341 945 4393; x_wconf 89' lang='lat' dir='ltr'><strong>etiam</strong></span> <span class='ocrx_word' id='word_1_400' title='bbox 954 4339 1073 4392; x_wconf 85' lang='lat' dir='ltr'><strong>medicus</strong></span> <span class='ocrx_word' id='word_1_401' title='bbox 1085 4346 1276 4403; x_wconf 81' lang='lat' dir='ltr'><strong>saepenumero</strong></span> 
     </span>
    </p>
   </div>
   <div class='ocr_carea' id='block_1_4' title="bbox 0 0 1596 5100">
    <p class='ocr_par' dir='ltr' id='par_1_9' title="bbox 0 0 1596 5100">
     <span class='ocr_line' id='line_1_45' title="bbox 0 0 1596 5100; baseline 0 0"><span class='ocrx_word' id='word_1_402' title='bbox 0 0 1596 5100; x_wconf 95' lang='lat' dir='ltr'><strong> </strong></span> 
     </span>
    </p>
   </div>
  </div>
 </body>
</html>
