3184 5100
330 407 380 486 oo
631 413 858 484 uremuoar
888 367 1142 499 σιττσοιιλελ

330 571 355 669 ᾧ
377 577 422 665 μὴ
447 579 669 663 προσεγεγόνει
696 579 806 662 κέρδος
828 574 932 644 οἴκαδ’
967 576 1141 660 ἐπανιόντι,
1163 576 1433 639 suiv-dolentius

331 679 482 762 κυμάτων
503 682 536 755 ές
556 682 613 762 γῆν
644 671 728 741 ὅπλα
751 682 807 743 καί
828 681 906 762 βέλη
927 675 1114 742 παντοδαπά
1142 678 1198 739 καί
1217 675 1356 750 α’σπίδας
1375 678 1434 740 καί

330 779 441 865 κράνη,
461 778 516 844 καί
536 777 592 854 τάς
612 766 863 860 κενεμβατοάσας
881 781 915 842 έν
936 780 977 864 τῷ
998 776 1127 858 πελάγει
1150 774 1290 859 τριήρεις
1312 776 1432 856 ἀναμίξ

329 877 487 964 ἑκατέρων
508 884 571 946 τοῖν
589 877 847 963 στρατευμάτων,
868 878 1008 961 έρὴμονς
1030 880 1090 959 μὲν
1106 878 1308 941 παντάπασιν
1329 868 1430 952 οάσας

264 981 267 988 ’
310 975 505 1066 ’ναυμάχων
528 984 652 1067 άνδράν
681 981 736 1046 καί
758 979 863 1067 κάπης
885 977 990 1065 πάσης
1010 979 1065 1045 καί
1082 980 1232 1064 τορσάν,
1252 975 1371 1059 μεστάς
1392 980 1458 1044 δὲ5

327 1079 501 1170 χρημάτων
528 1087 721 1148 πολυτελῶν·
739 1083 794 1148 καί
817 1087 936 1169 νεκράν
954 1085 1118 1156 πλουσιόις
1149 1082 1431 1166 συμπεφυρμένων

210 1259 212 1268 A
331 1185 458 1266 αἵμασι.
791 1169 795 1184 l

261 1299 318 1354 u
428 1284 524 1352 Μετά
546 1291 654 1367 μέντοι
675 1287 732 1371 την
766 1278 951 1371 ναυμαχίαιν
970 1288 1091 1370 ε’κείνην
1116 1282 1211 1350 νάσου
1232 1284 1336 1366 κοινῆς
1358 1283 1433 1346 δια-

244 1433 248 1437 -
328 1391 520 1473 νεμηθείσης
532 1384 567 1452 τὸ
584 1393 727 1454 πλεῖστον
744 1392 801 1473 τῆς
816 1392 967 1472 ναυτικῆς
988 1383 1138 1472 ἑκατέρας
1152 1383 1328 1466 δυνάμεως,
1349 1386 1434 1448 τίπο-

331 1488 479 1573 θνησκειν
510 1487 599 1577 ἐπῄει
623 1487 711 1571 μάλα
744 1487 883 1573 συχνσάς
911 1486 1126 1574 ἑκατέρωθεν,
1158 1486 1203 1562 οδς
1223 1488 1270 1562 εἰς
1292 1487 1432 1571 α’νάγκην
1444 1492 1478 1545 10

328 1589 412 1652 ἰέναι
431 1588 672 1670 βουλεύσασθαι
683 1588 850 1673 ἑκατέρους
872 1589 895 1656 ά
917 1589 1020 1656 ε’δάκει
1040 1594 1225 1654 λυσιτελεῖν.
1268 1584 1371 1652 tudae
1394 1590 1432 1652 δὲ

331 1694 504 1768 Βενετικοῑς
524 1695 585 1771 μέν
605 1688 658 1756 τὸν
679 1689 762 1758 ἴδιον
781 1695 979 1777 μεταστῆσαι
1003 1689 1128 1772 στόλον,
1149 1691 1252 1754 καίτοι
1270 1692 1432 1772 βουλομέ-

327 1813 400 1865 νους
420 1794 489 1856 έκεϊ
505 1793 561 1868 τάς
578 1795 613 1857 έκ
637 1789 765 1859 Πόντου
785 1790 957 1868 κατιούσας
977 1791 1173 1876 στρογγύλας
1191 1794 1253 1856 τάν
1272 1796 1439 1873 πολεμίων

328 1887 465 1970 ὁλκάδας
490 1891 610 1976 αἱρεῖν,
635 1897 674 1962 at·
699 1893 912 1980 παρεκόμιζον
933 1893 967 1959 ἔκ
987 1919 1020 1958 τε
1045 1897 1175 1958 candida
1194 1895 1251 1958 καί
1274 1890 1429 1967 Τανάιδος

327 1991 524 2078 τάπιτήδεια.
556 1995 626 2059 ἄλλ’
649 1997 795 2062 detester
819 2000 907 2082 σφᾶς
928 1994 965 2060 od
987 1993 1084 2077 μένον
1107 1991 1142 2058 τά
1164 1991 1429 2068 τούςννοσοῦντας
1442 2003 1477 2055 15

327 2091 434 2156 adreio
451 2094 650 2162 α’νακτάσθαι
664 2097 851 2182 βούλεσθαι,
874 2096 955 2163 άλλά
969 2099 1024 2162 καί
1036 2098 1100 2161 τάν
1112 2097 1299 2181 ἐπιτηδείων
1313 2093 1331 2180 ἦ
1344 2095 1430 2158 σιτά-

329 2216 375 2266 νις
395 2192 492 2278 πολλη
517 2195 572 2260 καί
593 2203 717 2282 ποικίλη
735 2200 810 2264 καθ’
832 2200 956 2284 ἡμέραν
975 2194 1110 2284 εκάστην
1126 2199 1355 2281 άπαιτσνμένη.
1376 2193 1427 2258 διὸ

309 2292 483 2373 χλάσαντες
504 2295 543 2360 τά
568 2295 751 2382 πρυμνήσια
780 2302 900 2364 ἐκεῖθεν
922 2295 1010 2383 παρά
1040 2299 1094 2364 τάν
1114 2297 1263 2365 εἴσπλουν
1284 2300 1342 2362 τοῦ
1365 2300 1430 2360 τοῦν
1513 2348 1514 2415 ,

327 2396 514 2474 Βυζαντίων
537 2401 662 2479 λιμένος
687 2398 821 2484 ἔστησαν
843 2406 1075 2483 καταχθέντες,
1107 2404 1164 2466 τοῦ
1186 2400 1265 2482 πρὸς
1285 2402 1327 2465 ἕω
1352 2401 1430 2480 βλέ-
1513 2428 1514 2489 ρ

328 2519 462 2579 ποντος,
483 2498 540 2575 τάς
560 2501 713 2583 πολεμίας
734 2495 877 2577 ἑστώσας
905 2502 1057 2585 είυίνυμα
1080 2507 1158 2579 ναῦς
1179 2499 1475 2586 παραπλώων-20

328 2624 378 2676 τες
397 2604 483 2683 παρὰ
508 2600 582 2677 rode
601 2600 765 2686 αι’γιαλοάς
778 2608 834 2688 τῆς
849 2608 1062 2690 χαλκηδονίας
1081 2608 1139 2689 γῆς
1161 2607 1224 2667 τῶν
1242 2598 1428 2687 βαρβάρων.

328 2700 615 2788 στενοχωρούμενοι
652 2702 714 2789 γάρ
754 2706 891 2771 κάκεῖνοι
927 2707 966 2792 τῇ
1003 2708 1066 2771 τάν
1094 2709 1281 2790 ε’πιτηδειλυν
1311 2703 1430 2785 ὁμοίως

328 3018 443 3084 milites3
461 3020 576 3073 maxima
591 3028 680 3074 autem
697 3035 759 3089 pars
779 3021 903 3073 exomni
921 3035 1023 3089 genere
1042 3020 1178 3071 hominnm
1200 3027 1227 3071 et
1245 3020 1347 3073 artibus
1366 3034 1428 3074 sor.

329 3092 395 3143 didls
415 3106 523 3159 operam
551 3094 705 3146 natantium
730 3102 756 3145 et
780 3092 862 3146 rebus
888 3093 996 3145 rusticis
1016 3092 1179 3145 addictorum
1200 3092 1343 3144 commixta
1361 3097 1444 3143 erat·

330 3178 423 3215 eorum
442 3165 556 3217 omniurn
579 3180 658 3217 nemo
686 3175 743 3217 erat
767 3166 832 3287 ρρίο
850 3164 955 3216 lucrum
983 3164 1113 3231 quoddam
1139 3172 1166 3215 et
1193 3164 1317 3231 praedam
1336 3179 1428 3216 seeum

328 3234 432 3287 domum
451 3236 589 3289 retulisset
607 3237 730 3289 lluctibus
749 3237 858 3289 scilcet
882 3252 953 3288 arma
979 3244 1005 3287 et
1031 3235 1087 3287 tela
1106 3237 1191 3288 omnis
1207 3237 1333 3305 generis,
1355 3244 1430 3288 scuta

328 3306 475 3377 galeasque
488 3324 520 3360 ac
537 3310 659 3361 triremes
684 3309 823 3376 utriusque
843 3308 977 3359 exercitus
1001 3309 1152 3373 promiscue
1177 3324 1225 3375 per
1243 3322 1316 3359 mare
1342 3309 1429 3359 iacta-

327 3386 368 3431 tas
389 3381 532 3431 interram
552 3380 731 3443 eiicientlbns,
752 3395 849 3431 vacuas
868 3378 930 3430 illas
951 3380 1057 3450 quidem
1077 3379 1205 3431 militibus
1229 3380 1355 3447 omnique
1375 3394 1429 3446 gu.

327 3449 472 3503 bernacnlo
501 3453 650 3519 remisque,
675 3459 790 3503 attamen
814 3451 929 3503 relertas
951 3450 1031 3503 rebus
1059 3453 1184 3518 pretiosis
1208 3460 1288 3519 atque
1316 3451 1430 3502 mortuis

329 3522 412 3575 multo
431 3524 562 3592 sanguine
582 3524 723 3591 respersis.
1106 3541 1115 3547 ·
1342 3518 1347 3525 '

431 3620 516 3685 Quum
533 3626 624 3670 autem
641 3626 702 3685 post
720 3619 852 3687 proelium
871 3620 968 3672 navale
992 3620 1084 3671 morbo
1102 3634 1151 3687 per
1170 3620 1308 3670 maximam
1327 3626 1429 3685 partem

328 3691 469 3760 utriusque
494 3690 628 3743 exereitus
653 3698 791 3759 grassante
815 3708 940 3743 numerus
970 3690 1103 3742 hominum
1129 3691 1198 3742 haud
1216 3692 1329 3758 exiguus
1347 3689 1431 3741 absu-

329 3770 455 3826 meretur,
474 3762 637 3814 necessitate
656 3764 752 3825 coacti,
773 3764 836 3830 quid
862 3763 929 3815 ntile
948 3762 1019 3814 iactu
1039 3762 1186 3825 rideretur,
1206 3763 1312 3830 utrique
1331 3762 1360 3812 in
1379 3762 1430 3813 de-

329 3832 516 3885 liberationem
535 3834 675 3886 vocabunt.
725 3834 835 3885 Venetis
853 3836 951 3903 igitur,
971 3835 1126 3902 quemqnam
1154 3833 1191 3883 ibi
1211 3832 1326 3884 hostium
1344 3847 1429 3883 naves

330 3906 466 3955 onerarias
487 3920 545 3955 cum
564 3914 711 3957 commeatu
730 3920 761 3957 ex
773 3905 880 3973 Scythis
901 3915 927 3957 et
945 3906 978 3957 ab
998 3905 1111 3957 Tanaido
1130 3905 1213 3971 petito
1233 3904 1427 3957 descendentes

329 3991 362 4025 cx
379 3974 464 4026 Ponto
486 3976 650 4041 intercipere
671 3978 823 4045 cupiebant,
851 3978 934 4029 satius
961 3986 1048 4029 tamen
1068 3978 1154 4028 visum
1174 3983 1223 4039 est,
1243 3975 1357 4027 classem
1374 3973 1429 4024 alio

328 4045 390 4097 loco
412 4046 559 4109 collocare,
579 4048 677 4115 quippe
698 4043 777 4117 quum
795 4065 849 4101 non
870 4049 956 4101 solnm
983 4047 1195 4099 laborantes'ex
1214 4046 1305 4098 morbo
1325 4047 1360 4097 iis
1379 4061 1429 4095 cu-

329 4118 403 4169 randi
427 4124 526 4181 essent,
546 4119 593 4170 sed
613 4120 692 4171 etiam
712 4136 799 4171 rerum
819 4122 851 4171 ad
870 4123 969 4172 victum
983 4120 1195 4172 necessariarum
1213 4118 1327 4186 penuria
1344 4132 1431 4186 urge-

322 4196 429 4254 rentur,
449 4204 559 4256 quarum
576 4206 671 4257 magna
686 4198 766 4257 atque
777 4192 921 4260 multiplici
938 4192 1017 4258 copia
1036 4191 1156 4258 quotidie
1174 4205 1241 4257 opas
1261 4197 1326 4240 erat.
1347 4202 1431 4255 quare

332 4261 387 4311 oris
405 4260 502 4313 solutis
523 4262 585 4313 inde
603 4263 636 4312 ad
654 4262 790 4313 introitum
808 4273 900 4331 portus
918 4264 1059 4329 Byzantini
1085 4263 1116 4313 ad
1136 4264 1266 4314 orientem
1285 4260 1433 4328 spectantis

330 4331 413 4385 delati
432 4340 502 4399 sunt,
522 4332 636 4388 hostium
655 4348 749 4401 naves,
769 4349 837 4404 quae
855 4336 962 4389 sinistra
982 4333 1014 4386 ad
1041 4349 1113 4386 oram
1133 4332 1324 4387 chalcedoniae
1342 4339 1432 4384 terrae
