3184 5100
261 502 264 513 Ι
316 394 389 483 tol
611 392 837 519 urumnonr
868 407 1097 479 oascoalu

315 578 436 663 πένησι,
459 578 515 642 καί
537 579 619 643 πᾶσι
641 571 757 657 σχεδόν
770 580 907 660 λογικοῖς
927 573 1134 661 καδύλύγοις,
1155 572 1231 641 ὅταν
1252 580 1321 653 τοῖς
1341 579 1429 659 βελ-

313 679 397 745 τίοσι
407 680 622 761 νομοθετῶσιν
636 676 663 741 οἳ
676 678 838 767 κάκιστοι·
873 674 983 762 οὐγὰρ
997 675 1032 759 τὰ
1052 675 1228 762 διεφθορὸς
1237 675 1427 763 τῶνκύρυύν-

314 804 377 845 των
398 780 632 865 κατευθυνθείη
650 774 688 843 ἀν
699 802 773 843 ποτε
788 774 867 859 πρός
881 776 1038 861 εὐνομιάν,
1061 776 1129 842 οὐδ’
1152 775 1226 842 εἴτι
1237 779 1352 861 νοσοίη
1364 780 1427 861 τής

315 882 485 958 πολιτείας,
509 880 796 965 παρασκευασθείη
817 877 897 964 πρός
915 876 972 962 τήν
994 877 1070 964 πρίν
1093 876 1217 955 εὐεξίαν
1238 881 1421 963 παλινδρο-

314 989 395 1065 μεῖν,
417 978 499 1045 ἀλλὰ
521 985 630 1071 πολήηῖ
648 980 830 1047 τούναντίον
841 981 952 1066 γένοιτ’
979 976 1025 1057 ἀν,
1046 980 1449 1066 παραπαιδαγωγούντοςὸ

314 1084 372 1145 τού
391 1083 590 1167 χοροστάτου
612 1082 668 1147 καί
690 1082 895 1159 διδασκάλου,
918 1081 973 1147 καί
998 1082 1154 1162 χωλείαν
1174 1084 1339 1158 ποιοῦντος
1362 1086 1422 1145 τοῦ

316 1185 415 1246 καλοῦ
442 1182 572 1267 καὶτῆς
595 1180 748 1268 ἀληθείας
774 1180 829 1246 τύν
864 1182 993 1267 δρόμον.
1043 1181 1193 1267 πρόξενος
1223 1180 1286 1267 γάρ
1322 1180 1421 1257 αὐτὸς

317 1280 464 1367 ἄντικρυς
489 1283 610 1367 γίνεται
634 1290 739 1348 νοσεῖν
771 1282 827 1358 καί
845 1279 880 1346 οὐ
918 1280 1074 1367 ὐγιαῖνον,
1099 1283 1155 1346 καί
1175 1284 1207 1360 ἐξ
1230 1281 1343 1368 οὐριάς
1368 1282 1420 1348 ἀεί

314 1383 517 1465 καταβαίνειν
538 1383 619 1468 πρὸς
646 1380 681 1448 τὸ
705 1382 933 1469 φθειρόμενον·
997 1385 1053 1449 καί
1084 1380 1103 1447 δ
1128 1382 1185 1469 τήν
1212 1385 1350 1470 ἐρημίαν
1374 1383 1419 1461 ὥς

314 1484 431 1547 ἐπίπαν
459 1482 609 1566 ἐκτήσατο
641 1484 817 1569 πάρεδρον,
851 1483 1099 1571 ἀνμιφωνούντος
1131 1482 1219 1571 αὐτῷ
1249 1486 1307 1548 rori
1340 1486 1417 1567 βίου
1428 1491 1460 1544 10

312 1590 378 1659 τοῖς
400 1584 503 1668 λόγοις
526 1584 582 1649 καί
601 1575 623 1670 ᾗ
642 1585 786 1649 τέτακται
808 1583 978 1670 διοικήσει·
1011 1582 1119 1670 ὥσπερ
1141 1583 1204 1671 γάρ
1231 1586 1418 1670 δικαιοσύνη

255 1676 258 1683 ’
314 1683 480 1759 κοινωνίας
502 1684 678 1768 ποιητικόν,
703 1681 803 1760 οὕτως
827 1683 1033 1770 ἀκοινώνητον
1064 1683 1173 1750 ἀδικία
1193 1684 1249 1750 καί
1270 1685 1418 1750 σύνοικον

314 1785 447 1873 ἐρημίη,
468 1775 616 1871 θηριώδη,
647 1788 784 1852 ποιοῦσα
811 1784 965 1867 τὸνβίον
984 1785 1039 1850 καί
1069 1785 1272 1851 παντάπασιν
1294 1782 1417 1871 ἀγριον.

248 1884 369 1970 sturio
390 1886 451 1972 γάρ
472 1911 521 1950 τοι
542 1886 634 1952 πόλιν
654 1890 686 1966 ἐξ
706 1889 814 1951 οἰκιῶν
836 1887 1042 1971 συγκειμένην
1063 1888 1247 1971 κοινωνικής
1269 1886 1417 1965 εὐταξίας

315 1972 464 2068 θεμέλιον
496 1979 579 2051 εἶναι
612 1987 730 2074 ἀνάγκη
760 1988 817 2053 καί
845 1989 952 2070 νόμων
982 1988 1114 2052 δικαίων
1146 1987 1459 2074 ἐμπεφραγμὲνηνλὸ

317 2090 461 2170 δεσμοῖς·
506 2078 535 2177 ηἶ
554 2091 630 2175 γοῦν
650 2090 753 2165 οἰκίας
787 2092 828 2154 δι’
851 2088 997 2172 ἀμαθίαν
1025 2089 1080 2152 roi
1108 2090 1284 2174 κρείττονος
1304 2087 1416 2173 ἥκισθ’

317 2185 467 2271 ἁρμόττει
493 2191 689 2275 προστασία,
723 2190 899 2255 πολλοστοῦ
917 2187 1001 2264 τινός
1034 2189 1154 2275 μέρους
1172 2191 1302 2273 μακρᾶς
1323 2179 1415 2253 πολί-

315 2289 411 2366 τειάς,
434 2291 552 2355 πολλού
571 2295 657 2373 μέντ’
681 2287 718 2357 ἀν
740 2290 861 2375 δεήσειε
878 2290 1011 2366 δεόντως
1032 2288 1154 2365 πόλεως
1176 2288 1252 2373 ὅλης
1271 2293 1416 2375 προστή-

315 2412 378 2453 ναι.
421 2387 464 2465 τός
485 2394 561 2475 γοῦν
578 2392 641 2455 τούν
663 2390 842 2477 ἀνθρώπων
864 2380 893 2480 pi
918 2392 987 2475 δίιιη
1007 2392 1062 2455 καί
1083 2389 1213 2473 εὐνομία
1234 2391 1416 2475 συντέθρα-

315 2512 400 2566 πται,
429 2488 525 2577 τούτιρ
548 2491 603 2558 καί
630 2489 664 2556 τὸ
685 2492 838 2579 βελτιλιτῳ
859 2514 893 2557 τε
916 2484 1072 2555 εἶναικαὶ
1093 2487 1174 2554 κατὰ
1196 2488 1231 2554 sd
1251 2490 1416 2573 βέλτιστον
1425 2498 1458 2555 20

316 2583 426 2673 ἀρχειν
448 2593 660 2675 προσγίνεται,
683 2589 819 2680 οὐτυιςηι
840 2592 895 2676 μή,
913 2591 1009 2677 τούτῳ
1022 2590 1078 2655 καί
1089 2590 1241 2676 χειριστῳ
1265 2590 1417 2676 γίνεσθαι

315 2686 396 2753 κατά
420 2687 455 2754 τό
493 2688 663 2756 ἀντάεαλον
696 2691 807 2757 ἕπεται
839 2691 901 2756 noi
922 2689 1126 2775 παγχάλεπον
1158 2686 1270 2775 ἀρχειν
1299 2689 1415 2775 ἀρχήν.

247 2791 305 2844 ⁴¹⁰
315 2785 436 2874 ὄργανα
460 2789 521 2876 γάρ
544 2791 577 2854 δκ
602 2790 730 2876 φύσεως
753 2787 935 2876 ’ἄνθρωπος
956 2789 1040 2870 ἔχων
1070 2787 1151 2876 πρός
1173 2789 1294 2876 ἀρεταῖν
1316 2793 1415 2876 ἐργα-

315 2891 389 2960 σίαν
410 2892 596 2970 πολυειδῶν,
619 2892 648 2956 εἰ
669 2889 714 2977 μή
735 2893 880 2976 βούλοιτο
895 2893 966 2979 δίκῃ
978 2914 1011 2956 τε
1031 2891 1088 2956 καί
1109 2889 1238 2982 εὐνομίρ
1261 2894 1414 2956 διοικεῖσ-

313 3185 434 3240 οααίλιαε
459 3187 554 3255 peritis
581 3195 608 3241 et
625 3188 772 3258 imperitis,
797 3190 821 3243 si
844 3189 999 3244 melioribus
1027 3191 1137 3260 pessimi
1161 3191 1302 3260 imperent.
1349 3207 1413 3244 nam

311 3259 507 3328 praefectorum
526 3259 721 3327 improbitatem
739 3276 793 3314 non
821 3262 952 3315 direxeris
972 3278 1087 3331 unquam
1111 3264 1145 3316 ad
1161 3263 1246 3315 bonas
1263 3261 1340 3330 leges
1358 3279 1412 3316 nec

311 3331 335 3384 si
354 3331 417 3398 quid
435 3330 587 3397 respublica
605 3339 729 3402 aegrotet
747 3334 779 3386 ad
797 3333 935 3400 pristinam
955 3332 1112 3386 felicitatem
1131 3335 1245 3386 reditum
1264 3333 1346 3385 facile
1366 3335 1410 3386 el.

311 3402 429 3466 leceris,
449 3402 496 3453 sed
516 3401 596 3470 plane
622 3405 782 3460 contrarium
802 3404 910 3469 leceris,
930 3421 1007 3473 quam
1027 3407 1050 3457 si
1066 3405 1219 3457 cborostata
1236 3413 1262 3456 et
1281 3407 1412 3474 magister

311 3474 426 3526 instituit
452 3481 479 3524 ct
502 3471 654 3526 claudicare
678 3475 758 3526 docet
782 3477 852 3528 inter
877 3476 983 3543 pulchri
1013 3484 1041 3528 et
1057 3476 1117 3528 reri
1135 3474 1281 3528 cancellos.
1319 3479 1412 3530 vicina

310 3545 361 3600 sibi
381 3553 519 3612 aegrotum
539 3553 566 3597 et
587 3546 703 3597 validum
723 3554 750 3597 ct
769 3561 927 3615 prosperum
943 3563 1048 3614 semper
1065 3555 1169 3614 spectat
1187 3548 1220 3599 ad
1238 3563 1345 3600 vanum.
1383 3559 1413 3601 et

311 3618 334 3671 si
363 3616 421 3684 quis
450 3617 582 3668 decertum
613 3619 690 3683 quasi·
713 3619 815 3670 socium
837 3619 888 3670 sibi
915 3619 1053 3683 sumserit,
1075 3619 1133 3682 eins
1149 3619 1206 3672 uita
1225 3633 1241 3670 a
1258 3617 1365 3686 legibue
1383 3629 1412 3672 et

312 3701 364 3757 qua
383 3688 503 3740 instituta
523 3696 564 3740 est
580 3689 688 3741 vivendi
707 3691 812 3742 ratione
825 3685 968 3756 discrepat.
1006 3689 1223 3757 quemadmodum
1243 3691 1312 3740 enim
1327 3692 1411 3742 insti.

311 3761 348 3811 tia
370 3760 598 3812 consociationem
618 3759 697 3826 lacit,
713 3762 750 3812 ita
774 3761 917 3812 disiunctio
938 3761 971 3812 nb
991 3759 1092 3812 iustitia
1111 3768 1138 3812 et
1157 3761 1185 3812 in
1204 3761 1311 3812 deserto
1331 3760 1411 3812 babi-

268 3847 278 3868 1
312 3829 378 3882 tatio
397 3829 536 3882 bestialem
559 3840 586 3884 et
603 3833 710 3884 omnino
724 3833 863 3883 immanem
876 3833 957 3882 vitam
975 3831 1069 3883 reddit.
1106 3831 1199 3883 urbem
1218 3833 1288 3882 enim
1308 3848 1341 3884 ex
1360 3847 1411 3884 ae.

311 3899 407 3954 diliciis
428 3904 599 3970 compositam
621 3903 746 3971 publicae
764 3903 858 3955 salutis
877 3903 1075 3954 [undamentum
1095 3919 1155 3955 esse
1175 3911 1202 3954 et
1219 3903 1346 3954 iustarum
1365 3902 1412 3956 le.

311 3985 374 4038 gum
393 3970 545 4025 obstrictam
565 3974 694 4027 cancellis
718 3990 831 4026 necesse
851 3981 900 4026 est.
952 3975 996 4024 cni
1020 3974 1108 4042 igitur
1130 3973 1165 4026 ob
1182 3975 1314 4026 inscitiam
1333 3990 1411 4026 com.

311 4041 381 4094 modi
399 4043 507 4094 minime
526 4048 654 4098 convenit
672 4045 863 4097 administratio
884 4044 1022 4109 familiae,
1054 4053 1178 4113 tanquam
1196 4060 1309 4113 maguae
1328 4048 1412 4112 partis

311 4112 444 4176 civitatis,
471 4115 582 4167 multum
601 4117 688 4169 deerit
711 4125 742 4168 ut
768 4118 818 4168 toti
844 4115 903 4166 urbi
931 4117 1041 4184 praesit.
1084 4117 1301 4184 quemadmodum
1327 4118 1412 4184 igitur

310 4185 401 4248 bomo,
421 4184 464 4234 cui
484 4185 525 4236 ins
546 4194 573 4238 et
591 4187 667 4255 leges
690 4188 797 4239 innatae
816 4195 887 4252 sont,
905 4189 1020 4255 optimus
1039 4202 1100 4239 esse
1125 4196 1152 4242 et
1171 4188 1345 4254 optimorum
1364 4205 1412 4239 re.

311 4271 377 4324 gere
395 4255 490 4322 possit,
508 4257 618 4319 its‚'cui
632 4273 686 4308 non
702 4260 802 4324 insunt,
821 4260 963 4326 pessimum
980 4259 1038 4310 lieri
1057 4267 1084 4310 et
1103 4260 1217 4325 pessime
1243 4273 1299 4310 rem
1323 4258 1413 4310 admi.

310 4326 425 4382 nistrare
456 4340 514 4378 eum
541 4343 574 4380 cx
605 4330 737 4382 contrario
761 4331 891 4400 sequitur.
934 4330 1012 4383 bomo
1033 4331 1103 4384 enim
1130 4336 1257 4382 aratura
1275 4329 1412 4396 praeditus
