3184 5100
323 399 396 475 350
624 397 847 469 nicaenum
881 394 1109 463 canaonas
1136 366 1148 375 ’

286 572 454 647 Ιειμδνων
486 566 578 649 φασί.
630 560 734 625 θίλων
763 556 823 641 γάρ
855 552 968 621 ἑαυτὸν
996 553 1225 650 άπολάσασθαι
1257 555 1315 636 τῆς
1337 550 1429 645 αάτρῖ

275 674 276 679 ’
322 666 400 750 πρὸς
420 668 476 730 τοῦ
500 667 530 729 Γ
527 686 646 749 ρηγορα
669 662 937 784 προενηνηγμὲνης
961 654 1159 742 κατηγορίας,
1181 650 1224 730 ὥς
1243 652 1277 718 ἐκ
1298 656 1427 716 πολλῶν

323 767 377 831 καί
400 762 564 885 διαφόρων
582 761 742 844 θεοτητων
778 758 841 825 εἴτ’
868 752 925 822 o6v
955 759 1130 840 ποιοτήτων
1159 759 1347 837 συγκεῖσθαι
1370 753 1428 815 λε’-

323 892 405 953 γοντι
427 868 481 931 τὸν
503 864 588 946 θεόν,
609 890 660 928 και
687 856 836 944 ἄντικρυς
857 863 1075 941 περιπίπτοντι
1096 865 1162 932 τοῖς
1187 858 1230 942 τῷ
1249 856 1327 941 θείφ
1352 858 1428 919 Δα-

322 972 472 1057 μασκηνρλ
496 959 609 1050 tsydbt
610 988 686 1042 νοις,
711 955 761 1027 ὅτι
787 959 821 1027 τά
850 965 940 1025 θεῖον
969 960 1088 1023 άπλοάν
1119 955 1185 1022 ἐστι
1207 982 1260 1020 και
1256 952 1427 1020 α’σάνθε-
1408 986 1454 1038 -5

324 1094 385 1156 τον,
406 1066 441 1134 τά
477 1070 558 1133 δι’
543 1092 577 1131 εκ
608 1066 732 1129 πολλάν
763 1066 819 1127 καί
846 1059 1009 1147 διαφάρων
1036 1059 1239 1141 συγκείμενον
1266 1052 1428 1122 σάνθετάν

194 1170 337 1238 t1obv’
324 1194 390 1236 εστι
410 1168 465 1235 καί
486 1168 526 1232 τά
548 1163 712 1249 ἑξῆς,υο’
744 1161 823 1231 κατά
853 1161 912 1247 την
940 1165 1031 1227 θέσιν
1061 1163 1181 1243 ἐκείνης
1211 1162 1266 1242 τῆς
1288 1158 1427 1243 ρ’ἡσεως,

324 1270 406 1337 α’λλά
430 1270 638 1353 διαφθείρας,
659 1266 703 1339 uie
722 1264 827 1343 εἴωθε,
847 1261 945 1329 τοιάδ’
969 1262 1168 1347 ἀπεκρίνατο.
1210 1258 1323 1322 πάντά
1346 1282 1429 1341 συγ-

323 1377 464 1451 κείμενον
486 1366 542 1431 καί
560 1363 726 1439 οάσιιάδεις
751 1362 912 1450 διαφοράς
933 1360 1009 1443 ἔχον
1032 1361 1184 1425 ου’νθειον
1204 1360 1305 1425 ἐστίν·
1350 1358 1366 1423 6
1390 1362 1429 1424 δὲ

324 1467 400 1543 θεάς
422 1460 494 1531 οάτε
515 1469 578 1533 τοῖν
598 1468 810 1548 συγκειμένων
830 1465 916 1527 ἐστίν
940 1455 1014 1545 οὔτε
1029 1464 1092 1525 ταῖν
1115 1453 1285 1533 οάσιάδεις
1307 1461 1431 1542 διαφο-
1440 1484 1478 1538 10

273 1584 279 1595 ’
326 1569 385 1653 ράς
409 1568 556 1653 ἐχόντων.
599 1563 756 1650 ου’σιυάδης
778 1564 839 1647 γάρ
864 1566 928 1629 ε’σιι
952 1559 1093 1647 διαφορά
1121 1562 1196 1624 καθ’
1219 1557 1257 1643 ἢν
1280 1564 1431 1644 διαφέρει

326 1671 420 1737 οάσίο
445 1670 577 1751 ουόίας,
606 1663 685 1733 άάστε
717 1664 796 1729 κατά
831 1661 983 1728 πλειόνων
1018 1664 1188 1757 εἰδοάνκαί
1209 1664 1327 1725 ου’σιῶν
1348 1660 1432 1725 εἰσίν

327 1771 360 1839 αἱ
383 1774 558 1855 διαφοραί·
608 1771 678 1835 ε’ποί
708 1754 764 1831 οὖν
792 1771 854 1847 μιά
874 1764 928 1828 καί
949 1764 1073 1886 άμερης
1101 1760 1303 1827 παντάπασιν
1329 1761 1347 1846 ἦ
1371 1766 1432 1825 τοῦ

265 1874 406 1939 sassa
428 1872 536 1952 ου’σία,
558 1868 611 1933 διά
637 1870 731 1933 τοῦτο
763 1864 925 1952 διαφοράς
953 1866 1015 1927 ου’κ’
1040 1860 1108 1946 ἔχει
1132 1864 1309 1938 ου’σιιάδεις.
1350 1866 1433 1944 μίαν

331 1977 389 2057 μὲν
413 1969 451 2056 δη
474 1977 536 2037 ταῖν
559 1973 679 2035 ἐκείνου
699 1967 817 2052 ταύτην
840 1967 1020 2051 προτίθημι
1036 1988 1093 2029 σου
1124 1991 1160 2051 ιη
1146 1963 1328 2048 διηγήσει
1346 1963 1433 2089 πρά·
1443 1988 1515 2039 15

328 2097 428 2161 φασιν
456 2067 588 2158 ἐφεξῆς,
620 2074 770 2154 δευτέραν
800 2072 835 2133 66
867 2066 923 2150 την
950 2066 1147 2131 Ἀθανασίου
1178 2069 1236 2130 τοῦ
1256 2066 1388 2131 θείου
1372 2071 1434 2153 nr}-

327 2200 393 2261 σιν,
417 2171 455 2257 ἢν
481 2172 707 2256 εάσεβεστάτην
729 2168 958 2256 ἀναμφιβόλως
980 2159 1081 2232 οὖσαν
1108 2168 1154 2243 εἷς
1174 2170 1346 2243 πολυθείας
1368 2174 1432 2231 ου’·
1476 2201 1479 2203 v

295 2275 381 2351 ‘165
415 2270 569 2371 άπάθεσιν
594 2272 812 2355 μετενηνοχεν.
880 2267 944 2353 ἔφη
973 2267 1033 2352 γάρ
1064 2269 1098 2333 ἐν
1128 2273 1168 2356 τῆ
1188 2268 1269 2350 πρὸς
1299 2263 1433 2352 Ἀρειον

329 2379 467 2454 διαλέξει
499 2374 541 2450 ὥς
569 2398 603 2439 ου
608 2400 631 2456 χ
664 2375 768 2437 ἕνεκεν
790 2375 922 2437 κτιοιῶν
952 2372 1147 2452 πραγμάτων
1179 2368 1242 2456 ἔφη
1273 2366 1289 2432 6
1322 2373 1432 2454 σωτήρ

323 2471 495 2541 ‘n6saa“
476 2500 537 2541 οσα
566 2472 658 2564 ἔχει
664 2472 681 2537 6
711 2473 816 2559 πατὴρ
847 2468 908 2554 ε’μά
938 2468 1050 2536 ἱστί.”ν
1099 2465 1167 2536 ἀλλ’
1197 2465 1300 2535 6oa’
1278 2476 1373 2554 ανῆιιε
1394 2475 1479 2559 ¹620

274 2619 280 2634 -
329 2575 456 2662 θεάτητι
477 2579 534 2647 τοῦ
556 2572 931 2668 πατράς,ται7ταίδια”
911 2569 1173 2660 εφηὸκάριος,ο
1156 2566 1273 2641 οἷοντά
1295 2567 1435 2658 ἄφθαρτ-

332 2699 396 2756 τον,
414 2673 452 2742 τά
477 2667 638 2758 ἄτρεπτον,
661 2673 695 2740 τά
720 2673 960 2759 ἀκατάληπτον,
986 2675 1021 2740 τά
1046 2670 1198 2756 δυνατάν,
1227 2675 1262 2740 τά
1285 2697 1436 2757 προγνω-

331 2777 448 2843 στικάν.
497 2799 550 2842 και
581 2771 642 2842 ὅσα
665 2779 751 2842 ἐστίν
782 2771 799 2838 6
823 2774 948 2861 πατήρ,
968 2778 1070 2843 ταῦτα
1092 2773 1178 2842 ἴδιοι
1181 2778 1237 2841 τοά
1258 2775 1332 2876 υιοῦ
1355 2800 1437 2860 τυγ-

275 2920 284 2962 .·
332 2873 434 2961 χάνοι.

1514 1031 1516 1072 λ

335 3162 433 3218 etenim
452 3179 482 3218 sa
502 3162 664 3218 liberaturus
684 3163 820 3232 exprobro
839 3179 856 3216 a
875 3163 994 3233 Gregora
1011 3163 1119 3216 obiecto
1138 3165 1211 3234 quod
1225 3165 1319 3218 nattis
1336 3172 1364 3217 et
1382 3179 1435 3217 va.

334 3238 381 3288 riis
401 3235 543 3288 deitatibus
565 3245 591 3288 et
609 3237 782 3305 qualitatibus
804 3239 936 3287 contineri
958 3238 1034 3288 deum
1063 3237 1175 3289 dixisset
1200 3246 1227 3289 et
1249 3246 1342 3288 contra
1360 3239 1435 3288 inci-

334 3310 442 3360 δίεισι
434 3325 462 3360 ιιι
482 3324 513 3360 ea
532 3323 601 3376 quae
620 3309 686 3360 aD.
706 3309 871 3360 Damascene
890 3309 962 3359 dicta
982 3315 1073 3359 erant:
1098 3309 1176 3360 deum
1195 3325 1256 3360 esse
1272 3307 1388 3374 simplex
1407 3316 1437 3359 et

334 3380 547 3446 incompositum.
586 3379 656 3446 quod
677 3379 766 3431 multis
790 3387 817 3429 ct
835 3379 918 3430 variis
938 3380 1089 3448 continetur
1108 3383 1282 3444 compositum
1305 3388 1359 3441 est;
1385 3395 1436 3430 re-

335 3450 408 3517 liqua
428 3465 482 3501 non
500 3451 532 3500 ad
551 3447 626 3500 illius
645 3451 773 3501 orationis
793 3457 995 3518 argumentum,
1015 3450 1061 3501 sed
1081 3459 1228 3516 permutata
1246 3453 1283 3502 ita
1300 3458 1331 3501 ut
1351 3449 1435 3514 εοΙει,

336 3521 464 3588 protulit.
497 3521 624 3588 quidquid
645 3523 797 3572 continetur
816 3530 842 3571 ct
867 3520 1025 3571 essentiales
1044 3523 1189 3573 verietates
1210 3522 1299 3584 babet,
1321 3535 1436 3589 compo-

335 3594 414 3644 situm
434 3600 483 3644 est.
528 3593 593 3644 deus
619 3599 707 3644 autem
725 3607 779 3642 nou
806 3607 840 3642 ex
862 3593 896 3642 iis
922 3607 992 3659 quae
1009 3593 1181 3644 continentur
1205 3600 1250 3644 aut
1273 3592 1435 3644 essentiales

336 3665 480 3716 varietates
500 3662 607 3714 habent.
646 3663 800 3714 essentialis
825 3663 895 3713 enim
914 3664 1030 3714 varietas
1053 3671 1109 3727 cst,
1136 3679 1188 3731 qua
1208 3665 1297 3714 differt
1317 3663 1437 3716 essentia

335 3735 369 3786 ab
389 3738 506 3787 essentia
525 3735 562 3786 ita
580 3741 609 3785 ut
627 3733 718 3800 plures
738 3734 839 3784 formae
858 3742 885 3784 et
904 3736 1038 3785 essentiae
1050 3734 1168 3799 alliciant
1180 3737 1335 3786 variotatee.
1352 3749 1435 3802 quum

247 3813 254 3826 “
336 3806 422 3872 igitur
437 3821 489 3856 una
509 3814 536 3856 et
559 3807 693 3872 impartita
714 3807 749 3856 sit
767 3806 810 3856 dei
830 3807 956 3869 essentia,
976 3813 1121 3871 propterea
1146 3808 1290 3858 varietates
1306 3821 1363 3857 non
1383 3805 1437 3856 ba-

336 3876 383 3927 bet
402 3875 570 3927 essentiales.
601 3893 679 3928 unum
697 3875 772 3927 illins
799 3891 904 3926 cauam
933 3879 966 3928 ad
990 3878 1154 3928 narrationis
1174 3885 1235 3929 tuae
1261 3879 1331 3928 riam
1351 3891 1436 3960 pono,

338 3945 448 3998 alteram
468 3945 499 3997 D.
518 3947 659 3998 Athanasii
678 3949 835 4010 orationem,
857 3963 934 4014 qnam
954 3949 1013 3999 sine
1025 3949 1105 3999 dubio
1124 3947 1383 4016 religiosissimum
1375 3963 1437 4014 apso

266 4071 272 4080 ,
336 4018 365 4068 iu
384 4015 557 4082 polytbelsmi
575 4026 758 4086 argumentum
776 4019 934 4070 immutavit.
977 4020 1046 4071 dixit
1068 4020 1139 4069 enim
1166 4021 1195 4069 in
1212 4019 1321 4104 dialogo
1341 4027 1438 4070 contra

337 4089 447 4142 Arium·
466 4091 520 4138 nob
541 4105 628 4140 rerum
649 4097 797 4141 creatarum
819 4105 898 4140 causa
917 4091 984 4141 dixit
1001 4091 1141 4141 salvator:
1167 4092 1255 4142 omnia
1274 4107 1342 4158 qaae
1360 4098 1438 4156 pater
1514 4124 1515 4145 l

338 4158 428 4222 babet,
448 4168 594 4223 mearunt,
616 4161 663 4210 sed
682 4175 750 4227 quae
771 4162 864 4211 deitati
883 4163 966 4226 patris
985 4161 1114 4224 attribuit,
1136 4177 1168 4212 ea
1179 4163 1367 4228 propendunt
1382 4163 1438 4212 do-
1514 4162 1515 4221 l

337 4230 433 4293 miuus,
454 4229 530 4281 uelut
549 4230 766 4297 incorruptibile,
784 4233 958 4294 immutabile,
979 4231 1120 4313 infinitum,
1140 4236 1319 4301 omnipotens,
1340 4233 1439 4300 provi·
1514 4226 1515 4265 l

335 4300 414 4366 dens,
428 4315 603 4372 quaecunque
622 4309 684 4354 sunt
699 4309 789 4368 pater,
811 4303 902 4354 eadent
922 4303 1031 4372 ρτορτίο
1048 4302 1098 4354 lilii
1116 4313 1186 4358 mat
