3184 5100
245 379 251 391 '
312 396 387 472 ase
619 401 846 473 armenon
877 398 1106 471 canaonas

313 569 393 630 ιτᾶοι
415 571 516 649 μετῆν
536 561 714 651 ὁμοφύλοις
738 565 796 632 ντί
820 560 1017 650 ὁμογνώμοσι
1044 562 1102 648 τὴν
1121 555 1312 646 ιῦοέβειαν,
1349 556 1424 627 εἴτε

312 669 540 733 tirossamen
565 691 614 743 τις
634 663 686 757 τίη
717 667 774 733 κατ’
802 670 988 733 annuendum
1016 665 1073 731 ναί
1096 662 1193 742 εἴτις
1223 665 1287 728 τοῖν
1314 684 1424 749 οοφι-

249 792 304 845 η
313 770 410 834 oraio.
455 768 604 852 δεύτερον
630 769 660 833 δ’
690 765 814 852 εἴποιμι
847 762 886 833 ὃν
914 768 958 843 ὥς
988 770 1020 835 τί
1046 765 1154 851 βίαιόν
1183 790 1216 829 τι
1243 764 1298 831 τοί
1332 766 1424 831 α’να-

313 868 491 954 ιιίδραοτον
527 868 561 935 τὰ
591 872 647 952 τῆς
681 868 820 955 α’νιὶγνης
854 873 1008 937 ἐνταυθοῖ
1037 871 1221 954 περιίστατο
1250 863 1424 951 τρόπαιον,

312 970 388 1053 erept'
406 966 524 1036 αολλοῦ
544 972 628 1054 μέντ’
651 966 691 1036 ἒν
713 972 767 1035 κατ’
781 972 892 1054 αιίτὸς,
912 972 1091 1052 μᾶλλονδὲ
1110 972 1166 1037 τοῦ
1183 966 1302 1044 ιιαντός
1324 970 1449 1033 ἔνιοι-5

312 1072 416 1156 ον’μην
433 1069 472 1137 τὸ
495 1072 597 1155 λίνοιο
621 1073 776 1153 ἐνταῦθα,
799 1060 941 1152 ἐμαυτοῦ
956 1094 989 1137 τι
1011 1068 1282 1156 προμηθούμενοι,
1303 1068 1345 1144 οἱς
1366 1069 1418 1155 μὴ

311 1173 543 1255 διαβαλλοίμην
562 1180 627 1247 τοῖς
650 1171 911 1259 φιλοονιίμμοοη,
934 1174 990 1237 καί
1007 1166 1076 1253 ἅμα
1095 1176 1156 1237 τοῖν
1177 1170 1419 1255 α’φιλιοτίρων,

311 1270 356 1348 ὥς
375 1269 421 1355 μη
441 1271 562 1360 ῥαδίως
592 1275 795 1360 ἐξατατηλντο
825 1269 906 1357 αρὸς
926 1276 990 1339 τῶν
1020 1274 1158 1339 α’νοοίιιν
1185 1274 1241 1354 τῆς
1264 1271 1420 1351 οἷοεβείας

310 1376 487 1457 προέδρων.
528 1376 586 1439 νῦν
606 1375 637 1437 d’
658 1372 769 1457 ἐπειδὴ
792 1366 934 1455 ματαίαν
948 1374 1100 1451 ἐπίδειξιν
1119 1366 1203 1437 εἶναι
1220 1368 1256 1435 τὸ
1277 1372 1418 1453 πρᾶγμα

311 1484 478 1543 κατανοεῖν
500 1468 578 1559 ἧμίιι
596 1477 829 1559 παραγίνεται,
851 1480 906 1541 καί
926 1473 1025 1541 αολίιν
1044 1477 1104 1555 μὲν
1133 1471 1282 1559 ἀνόνητον
1304 1474 1341 1541 δὲ
1357 1477 1420 1539 καί
1429 1475 1466 1530 1⁰

311 1577 381 1664 τίνῇ
401 1574 458 1641 τὸν
479 1579 537 1659 τῆς
556 1574 663 1659 ἔριδος
694 1578 846 1643 ἐντεῦθεν
875 1574 1038 1659 κονιορτὸν
1067 1570 1286 1659 ἐγειρόμενον,
1308 1578 1420 1657 τινοῖν,

312 1674 357 1753 ὃς
378 1675 517 1763 cippum,
543 1676 721 1763 ἐβουλόμην
743 1669 782 1743 dv
802 1682 925 1759 μᾶλλον
944 1673 966 1762 ἢ
983 1680 1108 1761 λέγειν,
1131 1676 1172 1739 on'
1190 1674 1225 1739 τὸ
1246 1679 1349 1759 λέγειν
1371 1675 1420 1753 ὥς

312 1776 465 1863 α’νίνητον
486 1774 566 1845 κατὰ
589 1773 692 1863 φύσιν
709 1778 860 1863 ὑπάρχον
891 1777 1137 1860 ἀποσειόμενος,
1175 1776 1244 1843 ἀλλ’
1271 1776 1316 1853 οὖς
1338 1776 1421 1859 ἡμῖν

300 1875 461 1962 ’ὑπάρχον
481 1877 635 1963 ἀνόνητον
657 1866 744 1962 ἄρτι,
763 1877 819 1963 τὴν
843 1880 967 1964 simplae
988 1883 1067 1954 τίτας
1093 1880 1151 1945 τοῦ
1169 1874 1287 1961 χρόνον
1307 1875 1421 1941 καθά-

311 2004 371 2064 ιτιρ
392 1976 465 2047 τινὰ
485 1982 600 2065 νηλῑιλα
620 1989 888 2060 ονμιιιιιτοοτοῑαν
907 1979 1143 2065 ὅθινδηαοτοιῖν
1162 1974 1251 2062 παρὰ
1272 1974 1307 2042 τί
1330 1974 1420 2055 οἰκός
1431 2004 1464 2057 15

311 2082 568 2161 ἀναδεξαμένου·
615 2077 640 2145 ιλ
670 2077 733 2164 γὰρ
759 2082 967 2166 ἐνδεχομένην
992 2080 1051 2145 orla
1078 2081 1254 2165 α’ναγιιαίαν
1276 2081 1312 2145 dt
1332 2102 1420 2163 upo-
1509 2082 1510 2169 l

311 2182 482 2265 βάλλονται
501 2179 656 2267 ζητηοιν,
686 2184 790 2247 ταῦτα
817 2182 942 2259 πάντας
970 2184 1041 2247 ov'd'
1064 2182 1241 2265 ἀναγκαίαν
1265 2178 1335 2245 τινα
1360 2176 1419 2263 τὴν

247 2302 304 2356 ιο
314 2279 486 2367 οἰιίνηιοιν
507 2282 642 2351 ἀπαιτεῖ
659 2286 842 2365 πανταχοῦ.
893 2282 1003 2349 dacem
1033 2278 1094 2367 peip
1117 2280 1252 2345 καὶτοῦ
1272 2276 1418 2364 μεγάλαν

313 2385 487 2451 Βασιλείαν
506 2385 788 2469 αιηιφρονοῦντος,
818 2382 912 2449 deors
934 2383 1097 2467 sepulcrale
1119 2383 1290 2467 Ἀρειανῶν
1313 2380 1419 2447 duar-

197 2517 202 2524 ·
314 2492 401 2552 τοϊτο
421 2483 477 2568 την
500 2486 559 2548 τοῦ
576 2480 708 2567 ’Ϊαίριος
730 2480 834 2549 ἔντιοί
853 2484 913 2567 μί’
932 2483 1042 2570 φωνην
1071 2487 1262 2570 ἐξηγεῖσθαι,
1285 2480 1339 2547 καί
1359 2483 1461 2566 τῆςοο

313 2587 404 2670 σιγῆς
424 2583 482 2669 την
505 2587 612 2657 αἰτίαν
630 2582 819 2672 φάσκοντος,
835 2586 880 2670 μὴ
903 2579 984 2652 εἶναι
1010 2583 1132 2671 δηλαδὴ
1145 2583 1420 2670 μηδεμίανᾶοάγ-

314 2711 373 2772 νην
393 2689 468 2772 aspi
481 2684 635 2791 τοιαύτης
654 2689 756 2771 λίνοιο
778 2691 906 2775 φωνῆς,
936 2689 993 2754 aad
1012 2690 1116 2756 ταῦτα
1143 2685 1199 2754 ort
1221 2683 1420 2778 παραβολῶν

211 3014 214 3021 .
314 2984 373 3042 tur,
391 2989 482 3044 neque
500 2974 643 3044 quidquam
658 2975 785 3028 iniustius
805 2981 952 3044 eratquum
970 2975 1005 3028 de
1024 2990 1056 3027 eo
1076 2975 1121 3044 qui
1139 2974 1277 3028 denostru
1294 2974 1419 3027 doctrina

314 3047 476 3116 loquebatur
493 3048 517 3099 si
535 3062 633 3099 revera
650 3048 704 3100 riri
723 3046 795 3098 docti
810 3047 952 3114 plurimum
971 3046 1100 3100 valebant
1117 3062 1275 3116 quamquam
1293 3061 1347 3097 non
1367 3061 1419 3098 ea.

312 3120 374 3174 dem
393 3117 505 3172 tuentur
523 3120 622 3171 ceteris
641 3118 763 3172 omnibus
783 3119 872 3172 inerat
890 3120 936 3188 qui
954 3118 1093 3172 nobiscum
1120 3119 1222 3170 iaciunt
1251 3118 1419 3186 eandemque
1508 3119 1509 3150 ι

314 3193 462 3246 doctrinam
480 3190 588 3254 habent,
608 3206 739 3259 quaerere
757 3206 820 3242 num
840 3207 855 3242 e
879 3206 990 3244 numero
1017 3197 1135 3243 sutorum
1154 3199 1200 3243 ant
1218 3189 1349 3244 fossorum
1368 3197 1420 3240 aut
1508 3155 1509 3239 l

313 3263 492 3331 sophistarum
515 3270 594 3315 esset.
637 3263 734 3314 deiude
760 3271 850 3314 autem
880 3263 967 3314 fateor
992 3263 1015 3314 si
1039 3261 1213 3314 nullomodo
1242 3259 1370 3312 evitabile
1391 3268 1420 3312 et

312 3351 423 3404 prorsus
440 3334 620 3386 necessarium
633 3333 738 3398 luisset,
756 3349 799 3386 me
817 3349 984 3402 nequaquam
1003 3333 1040 3384 ibi
1053 3335 1209 3386 omissurum
1230 3332 1315 3384 luisse
1334 3331 1419 3384 verba

263 3401 268 3417 “
314 3409 423 3472 lucere,
450 3421 482 3457 eo
509 3414 539 3457 ut
564 3421 692 3458 caverem
719 3404 785 3456 mibi
811 3421 846 3456 ne
868 3407 990 3458 ludibriis
1015 3405 1080 3456 milri
1109 3407 1292 3458 obtrectarent
1311 3419 1419 3472 unaque
1456 3399 1460 3410 “

314 3478 376 3531 aliis
395 3479 440 3546 qni
458 3477 559 3530 indocti
577 3485 638 3529 sunt
655 3492 691 3528 ne
708 3475 790 3527 facile
807 3493 823 3528 a
842 3477 965 3528 scelestis
990 3479 1135 3544 impietatis
1154 3475 1320 3544 praesidibus
1339 3475 1419 3526 deci.

314 3559 452 3620 parentur.
487 3565 559 3602 nnnc
577 3563 644 3601 vero
667 3563 746 3615 quum
775 3563 871 3600 ranam
891 3563 982 3601 eorum
1011 3550 1265 3600 demonstrationem
1285 3563 1345 3598 esse
1364 3561 1419 3598 no.

313 3621 355 3675 bis
373 3622 437 3675 satis
457 3619 563 3673 eluceat
582 3627 609 3671 et
631 3621 730 3673 frustra
758 3633 805 3672 eos
825 3629 852 3672 et
876 3621 934 3673 sine
955 3627 1054 3672 eventu
1079 3619 1289 3672 concertationis
1306 3617 1419 3670 maltum

313 3694 399 3747 lutum
418 3695 568 3746 concitasse
586 3699 677 3744 tecere
695 3699 726 3742 ut
743 3691 799 3743 dixi
816 3691 948 3743 malebam
962 3707 1038 3760 qnam
1058 3691 1159 3756 dicere,
1177 3707 1229 3742 nec
1248 3705 1314 3742 vero
1335 3705 1366 3742 ea
1385 3690 1419 3741 de

315 3781 395 3818 cansa
413 3781 445 3817 ae
464 3768 487 3818 si
509 3765 600 3817 dicere
621 3765 728 3818 omnino
749 3778 799 3829 per
817 3779 847 3816 se
859 3763 956 3814 inutile
976 3771 1048 3815 esset
1060 3764 1106 3814 sed
1127 3762 1285 3832 quidnobis
1304 3763 1365 3829 ipso
1386 3775 1418 3812 eo

313 3845 435 3904 tempore
458 3835 556 3888 inutile
587 3835 645 3888 lore
665 3834 815 3887 ridebatur.
874 3835 945 3904 quod
968 3836 1176 3902 inopportunum
1210 3850 1270 3887 esse
1297 3841 1324 3885 et
1341 3833 1419 3885 nobis

314 3917 439 3976 tanquam
457 3907 555 3976 probro
575 3907 635 3961 lore
653 3909 740 3975 ipsum
764 3907 832 3959 illud
859 3915 964 3974 tempus
994 3908 1058 3958 satis
1083 3907 1217 3959 monebat.
1261 3907 1294 3957 de
1323 3905 1419 3972 qulbus

316 3981 386 4033 enirn
401 3979 584 4047 quaestionem
603 3987 758 4048 proponunt
771 3993 826 4030 non
849 3979 1038 4042 neeessariam,
1058 3971 1133 4031 haee=
1144 3979 1349 4045 responsionem
1367 3985 1426 4027 ne.'

316 4053 458 4104 cessariam
476 4066 530 4103 non
555 4051 700 4119 postulant.
748 4052 828 4102 audio
855 4053 925 4103 enim
952 4065 1076 4120 magnum
1104 4050 1234 4104 Basiliam
1262 4048 1367 4116 quaudo
1386 4046 1419 4097 ab

313 4124 422 4177 Arianis
440 4123 621 4190 postularetur
647 4131 678 4174 nt
707 4124 870 4175 enuntiatum
900 4123 981 4175 “deus
1007 4123 1110 4174 creavit
1133 4122 1194 4172 me”
1221 4120 1370 4188 explicaret
1392 4117 1420 4169 id

314 4196 471 4262 repudiasse
491 4203 518 4247 et
536 4195 639 4247 silentii
658 4209 763 4246 eanum
784 4210 841 4246 eam
868 4196 1018 4262 professum
1039 4209 1112 4257 essa,
1133 4193 1204 4261 quod
1222 4191 1298 4244 nulla
1317 4191 1368 4243 sibi
1388 4189 1420 4240 de

317 4268 446 4319 eiusmodi
465 4268 600 4321 sententia
617 4267 709 4318 dicere
728 4274 802 4319 esset
818 4269 977 4330 necessitas,
996 4267 1155 4332 praesertim
1174 4279 1254 4333 quarn
1274 4278 1324 4330 per
1339 4275 1419 4330 pare-

315 4338 407 4396 bolem
432 4346 459 4390 et
476 4340 590 4393 obscura
609 4337 693 4392 rerba
718 4345 746 4389 et
763 4340 915 4406 aenigmata
933 4336 1038 4406 prolata
1058 4345 1167 4403 essent,
1195 4351 1231 4388 us
1251 4335 1298 4403 qui
1316 4334 1420 4387 audiret
