3184 5100
265 423 494 493 nssroman
514 420 774 490 omninno
788 424 928 490 miv.
947 406 1132 492 ii-io.
1190 416 1291 515 449,

163 587 221 653 καί
244 587 381 672 ζήσεται.
435 585 502 650 ἀλλ’
535 580 612 667 ὄψει
633 582 675 649 τά
696 584 833 650 δπίσθιά
851 608 915 667 μου
926 583 953 661 ‚'’
978 582 1039 650 εἴτε
1060 586 1132 663 τούς
1153 589 1284 675 λόγους
1321 581 1353 631 *¹

162 692 228 753 τῶν
255 684 355 754 ὄντων
373 686 482 773 λέγων,
513 686 569 751 καί
598 683 661 751 ὅσα
686 687 745 769 μὲν
773 686 892 750 ἐκεῖνον
914 686 1035 752 ἐκείνου
1056 690 1264 775 γνωρίσματα

164 788 247 855 κατά
265 788 320 855 τὸν
340 794 430 853 θεῖον
456 791 487 853 Γ
487 788 637 874 ρηγάριον
648 836 657 864 ,
687 784 748 851 εἴτε
769 784 825 871 τὴν
852 786 907 852 διά
927 786 1046 875 σαρκδς
1065 788 1263 877 ἐπιφάνειαν,

162 888 219 974 τὴν
241 892 275 955 ἐκ
296 890 461 977 παρθένου
486 889 632 974 δηλονότι
652 887 813 973 γέννησιν·
857 889 932 973 περί
952 880 990 973 ἧς
1012 888 1102 955 καίὸ
1126 891 1330 961 iniero-no

132 992 218 1067 5λός
241 1016 339 1078 φησιν
360 989 525 1077 “ε’πεφάνη
562 987 701 1074 ἧχάρις
732 990 790 1053 τοῦ
810 991 889 1077 θεοῦ
924 988 945 1076 ἦ
977 991 1133 1083 σωτήριος
1168 996 1265 1059 πᾶσιν

155 1090 382 1178 ,οἷνθρῶποιςῗ
413 1092 604 1177 ἐπιφάνειαν
632 1090 771 1153 ἐνταῦθα
798 1090 898 1175 λέγων
928 1090 965 1155 οὗ
988 1090 1069 1158 κατὰ
1088 1090 1144 1177 τὴν
1166 1095 1265 1157 πάλαι

161 1196 225 1258 τῶν
247 1195 430 1278 προφητῶν,
453 1190 535 1255 ciiii
556 1189 612 1275 την
632 1191 688 1255 νῦν
707 1188 764 1274 τὴν
779 1190 834 1255 διὰ
853 1191 1174 1279 σῶματοςάληθοῶς·
1196 1194 1264 1259 τότε

161 1292 223 1379 γάρ
241 1290 294 1357 διὰ
309 1295 499 1375 σωματικῶν
516 1291 690 1376 σχημάτων
706 1290 761 1355 καί
781 1295 922 1376 τοπικῶν
936 1294 1171 1379 φαντασμάτων
1185 1293 1263 1359 άνα-

162 1395 264 1480 λόγων
276 1398 318 1481 τῇ
328 1395 391 1457 τῶν
403 1391 549 1478 δρῶντων
564 1391 698 1474 δυνάμει
709 1392 874 1477 ἐγίγνοντο.
888 1391 942 1459 διά
955 1393 1016 1481 γάρ
1027 1390 1180 1459 τοίντοκαί
1193 1393 1263 1459 διά-

112 1512 153 1565 10
164 1497 265 1582 φοραί
282 1518 316 1560 τε
337 1493 370 1559 αἱ
386 1491 516 1579 δράσεις
531 1493 587 1557 καί
603 1494 783 1569 πολυειδεῖς
804 1494 988 1579 ἐφαίνοντο·
1012 1494 1067 1559 καί
1081 1493 1142 1580 γάρ
1165 1493 1265 1581 “e'ycom

164 1620 262 1683 φησιν
276 1592 429 1680 “optasse
442 1593 618 1678 ἐπλήθυνα,
640 1592 696 1656 καί
716 1592 749 1656 ἐν
761 1592 859 1678 χερσί
877 1597 1049 1680 προφητῶν
1064 1583 1265 1679 ῶμ“οιῶθην.”

162 1698 192 1761 εί
212 1694 274 1782 γάρ
289 1694 394 1779 αὐτήν,
415 1694 693 1780 δΧρυσορρήμων
715 1696 822 1780 φησίν,
845 1688 1089 1781 ἓῶρωντὴντοῦ
1108 1698 1187 1761 θεοῦ
1200 1696 1261 1783 φῶ

161 1822 222 1876 σιν,
246 1796 301 1861 οὐκ
324 1791 362 1861 iio
384 1797 550 1882 διαφόρως
564 1794 726 1859 ἐθεῶντο·
751 1793 916 1880 άπλῆηάρ
937 1822 984 1872 τις
1000 1798 1055 1862 καί
1080 1796 1260 1883 ἀσχημάτι-

161 1922 235 1975 στος
252 1896 308 1961 καί
329 1896 510 1972 άσάνθετος.
551 1888 620 1959 εἶτα
642 1894 697 1959 οὐκ
718 1891 835 1982 ῶφθην
859 1895 926 1959 ἀλλ’
952 1894 1124 1981 ῶμοιῶθην
1147 1890 1329 1983 φησίνΊό

110 1998 199 2071 15οά
216 1997 277 2084 γάρ
299 1993 397 2073 ἄλλος
417 1994 435 2062 ὅ
456 1996 565 2083 λέγων,
589 1996 657 2061 ἀλλ’
676 1995 770 2074 αὐτὸς
788 1996 864 2085 περί
883 1989 999 2061 ἑαυτοῦ
1019 1997 1104 2063 ἐστίν
1128 1996 1145 2062 ὁ
1169 2000 1259 2075 θεός·

159 2097 181 2183 ἦ
205 2096 268 2184 γάρ
297 2095 451 2181 ὁμοίωσις
482 2098 645 2182 ποιότητος
674 2096 807 2175 ἔνδειξιν
846 2096 914 2179 ἔχει
942 2097 999 2162 καί
1031 2096 1104 2179 οὐχί
1126 2097 1261 2184 φάσεως,

159 2200 322 2284 σχήματος
343 2198 501 2284 λέγωκαὶ
517 2198 691 2284 χρῶματος
709 2198 765 2263 καί
786 2194 848 2263 ὅσα
869 2198 911 2285 τῇ
929 2191 1005 2281 ὄψει
1024 2197 1166 2284 πέφυκεν
1180 2197 1261 2263 ῶπο-

158 2301 297 2382 κείμενα,
321 2300 377 2364 καί
396 2296 462 2366 ,δὀα
483 2302 525 2385 τῇ
549 2298 639 2384 άκοῇ,
659 2298 741 2383 λέγω
766 2297 806 2383 δὴ
833 2297 868 2363 τὸ
891 2301 947 2383 τῆς
970 2301 1085 2375 λαλιᾶς
1105 2294 1186 2384 ἦθος
1206 2300 1262 2365 καί

156 2401 314 2485 βούλημα.
357 2400 414 2465 καί
436 2398 499 2485 γάρ
532 2396 625 2465 καίδ
655 2402 713 2465 ταῶ
733 2398 906 2485 άνθρῶπου
929 2401 1002 2475 νοῦς
1025 2399 1193 2491 άσῶματφ
1217 2395 1261 2465 ῶν

104 2521 149 2578 20
158 2501 311 2587 αἰσθήσει
332 2499 391 2582 οὐχ
413 2498 592 2567 ὑπόκειται·
647 2500 715 2565 ἀλλ’
736 2498 867 2566 ἐπειδάν
901 2502 947 2578 εἰς
966 2501 1080 2569 λαλιάν
1103 2500 1182 2590 ἔλθη
1205 2502 1261 2568 καί

155 2602 271 2687 λόγους
292 2603 473 2689 ἐνάρθρους
479 2653 488 2681 ,
515 2603 753 2689 τηνικαῦτακαί
777 2603 930 2688 αἰσθήσει
949 2605 1008 2686 μὲν
1029 2602 1273 2688 inremissam
1308 2658 1311 2669 s

156 2703 213 2768 καί
232 2702 268 2768 ro
289 2706 345 2788 τῆς
366 2701 484 2782 οἰκείας
497 2706 682 2790 βουλήσεως
703 2699 788 2782 εἶδος
809 2707 865 2772 καί
880 2702 961 2791 ἦθος
982 2709 1177 2774 ἐνδείκνυται
1199 2708 1258 2790 μὲν

155 2805 303 2880 σκιωδῶς
335 2807 393 2872 καί
419 2809 608 2893 σωματικῶς
638 2809 739 2872 εἰπεῖν
745 2854 754 2886 ,
784 2804 842 2892 τὴν
864 2807 900 2872 δὲ
934 2807 1031 2894 φάσιν
1051 2808 1257 2888 ἐνδείξασθαι

157 3124 225 3179 dixit
243 3140 298 3178 non
316 3126 482 3194 conspicitur
499 3140 516 3178 a
533 3132 641 3178 tenesne
661 3126 811 3194 conspiciet
835 3125 931 3179 iaciem
955 3140 1039 3178 meam
1061 3133 1088 3178 et
1105 3127 1191 3193 rivet,
1209 3125 1256 3180 sesi
1325 3161 1338 3203 p

157 3199 309 3266 conspicies
327 3206 556 3272 tergummeum,
582 3196 690 3250 scilicet
709 3213 797 3250 rerum
817 3205 963 3250 creatarum
992 3198 1110 3250 rationes
1129 3205 1157 3248 et
1175 3213 1257 3265 quas-

157 3285 264 3338 cunque
285 3269 334 3321 iile
346 3270 480 3336 Gregcras
500 3270 670 3337 cognitiones
686 3269 846 3334 nominavit,
864 3271 925 3322 sive
943 3271 1067 3321 carneam
1089 3268 1257 3336 epiphaniam

153 3343 174 3392 i.
197 3358 221 3392 e.
240 3342 355 3409 virginis
374 3348 487 3408 partum,
507 3341 540 3392 dc
559 3355 612 3408 quo
631 3339 769 3408 apostoins
794 3341 874 3392 dicit:
901 3339 1024 3408 appar‘nit
1045 3342 1131 3410 gretia
1150 3341 1193 3392 dei
1210 3355 1256 3392 sa.

154 3412 239 3463 lutrix
253 3413 375 3463 omnibus
393 3411 555 3464 hominibus.
591 3411 638 3462 uhi
656 3411 825 3478 epiphaniam
844 3411 976 3481 inteiligit
993 3427 1047 3463 non
1065 3412 1200 3480 antiquam
1219 3411 1256 3462 il.

153 3483 208 3534 iam
227 3485 426 3551 prophetarum,
446 3484 493 3535 sed
513 3499 582 3550 quae
601 3483 653 3534 hoc
670 3491 791 3550 tempore
814 3484 884 3536 iacta
901 3492 942 3535 est
961 3499 1011 3552 per
1029 3499 1119 3536 veram
1140 3493 1255 3534 carnem.

154 3553 220 3604 olirn
240 3555 310 3604 enirn
329 3555 467 3622 corporcis
486 3555 578 3607 formis
598 3563 625 3606 et
641 3555 802 3622 imaginibus
821 3556 965 3608 secuudum
985 3556 1132 3607 videntium
1151 3561 1257 3620 captum

154 3623 264 3676 fiebant.
283 3625 334 3676 hac
353 3627 423 3676 enim
440 3634 545 3678 ratione
564 3627 684 3678 visiones
702 3626 827 3678 diversae
845 3635 871 3679 ei
884 3629 976 3679 variae
986 3633 1175 3693 apparuerunt.
1212 3633 1256 3676 at.

153 3711 208 3763 que
227 3709 278 3763 ego
297 3697 385 3764 inquit
402 3698 523 3749 visiones
541 3698 653 3764 implevi
681 3705 709 3748 et
725 3697 916 3764 prophetarum
933 3699 1053 3749 manibus
1081 3713 1123 3749 me
1142 3707 1255 3762 repra'e.

153 3768 270 3819 sentavi.
320 3770 345 3818 si
372 3769 442 3818 euim
468 3771 553 3836 ipsam
582 3770 707 3821 viderunt
725 3769 769 3820 dei
791 3770 953 3834 essentiam,
980 3770 1018 3822 ait
1037 3768 1254 3836 chrysostomus,

151 3851 208 3888 non
228 3837 396 3890 dissimiliter
414 3839 589 3906 contemplati
600 3847 700 3905 essent,
719 3841 820 3909 qnippe
839 3855 908 3910 quae
927 3840 1040 3908 simplex
1058 3843 1101 3905 sit,
1120 3855 1175 3892 non
1196 3840 1254 3892 for-

152 3911 632 3978 mata,noncornpositaquaeda1u.
674 3919 815 3979 praeterea
841 3927 896 3963 non
923 3919 1085 3979 conspectos
1114 3927 1187 3976 suro,
1206 3911 1254 3964 sed

151 3995 196 4031 rue
214 3982 427 4047 repraesentavi,
446 3983 542 4049 inquit.
578 3997 629 4033 nec
649 3985 719 4034 enim
739 3982 809 4036 alius
829 3984 978 4051 quisquam,
996 3983 1043 4035 sed
1061 3985 1125 4036 dens
1143 3984 1202 4050 ipse
1220 3983 1254 4034 de

151 4066 215 4104 sese
233 4050 362 4120 loquitur.
401 4051 600 4104 similitudinem
619 4053 700 4105 habet
716 4063 901 4122 argumentum
914 4069 1040 4122 poeseos,
1059 4069 1115 4108 non
1131 4063 1252 4118 naturae,

151 4123 255 4174 formae
276 4121 383 4175 scilicet
403 4131 429 4174 ct
448 4122 549 4175 coloris
568 4132 595 4176 et
613 4139 790 4193 quaecunque
809 4124 896 4178 oculis
907 4134 969 4177 sunt
987 4126 1107 4180 subiecto
1121 4135 1148 4178 et
1166 4141 1253 4194 quae-

151 4209 258 4262 cunque
281 4193 401 4259 auribus,
422 4195 482 4246 dico
501 4194 631 4263 loquendi
652 4196 872 4248 consuetudinem
893 4206 921 4250 et
940 4197 1115 4250 voluntatem.
1154 4199 1252 4250 etenim

150 4265 267 4318 hominis
286 4266 356 4318 ratio
376 4282 455 4334 quum
475 4267 636 4334 incorporea
653 4269 698 4334 sit,
718 4269 809 4321 sensui
828 4283 882 4320 non
898 4269 1020 4322 subiecta
1039 4279 1088 4334 est,
1108 4271 1155 4322 scd
1174 4275 1251 4336 post.

151 4353 230 4409 qnam
247 4341 276 4392 in
294 4336 413 4408 linguam
431 4339 507 4392 venit
527 4331 555 4392 et
570 4339 655 4394 verbs
671 4341 743 4394 iuter
757 4355 789 4395 sa
803 4341 958 4408 conciliata,
974 4349 1029 4393 tum
1043 4341 1166 4396 sensibus
1176 4338 1251 4394 sub.

201 4449 365 4524 aequm
384 4450 498 4524 acopos.
524 4449 579 4508 rot.
597 4452 653 4510 m.
1031 4453 1069 4512 29
