3184 5100
290 393 513 469 ursuonrlr
539 394 799 469 eruturmtu
819 404 931 473 xxm.
946 385 1136 472 at-uo.
1220 396 1268 472 so
1338 501 1341 508 Ι

167 552 226 624 νοῦ
248 562 379 642 μέτεστι
399 567 461 630 καί
473 561 627 646 διανοίας,
650 567 713 630 τάν
735 565 787 630 αἐί
811 568 1002 649 γιγνομένων
1023 567 1270 649 στοχαζομένοις

164 653 288 743 ipsein
309 689 314 697 ·
338 663 460 730 δίιιαιον
489 667 517 729 δ’
540 659 622 732 εἶναι
645 666 701 732 τάν
730 664 808 730 θεὸν
836 670 890 732 καί
909 666 1017 734 δίιιοιια
1043 670 1189 753 δρῦιτας
1209 669 1270 732 α’ν-

162 759 321 845 θριδνιους
353 773 475 851 φιλεῖν,
509 770 564 832 καί
597 772 693 835 τοῦτο
724 770 752 832 δ’
780 761 871 850 οἶμαι
903 777 968 845 τοῖς
988 765 1089 835 άπασι
1109 763 1269 853 χχάριμον

162 856 247 929 εἶναι
271 857 321 941 οἷς
343 865 399 932 τάν
419 872 494 934 νοῦν
516 871 573 953 τῆς
594 873 703 953 ψυχῆς
728 867 810 948 οἴαξι
841 872 1130 955 πηδαλιουχεῖσθαι
1154 874 1267 954 ξυνερ-

136 962 278 1049 5ρυὴιιιι
303 971 468 1046 συνέσεως.
512 967 545 1035 τῦ
566 974 643 1052 γοῦν
663 968 764 1036 ἕωθέν
783 995 852 1036 τινα
876 969 934 1054 τήν
955 971 1065 1055 πρόσω
1087 970 1187 1057 φάναι
1207 993 1268 1036 πο·

164 1069 257 1147 ρείαν
278 1070 425 1150 βαδιζειν
458 1065 565 1159 άπάσῃ
594 1075 719 1159 σπουδῇ
737 1077 933 1156 προθέμενον
961 1073 1110 1138 τοσοῦτον
1133 1065 1266 1138 ὄπισθεν

160 1160 301 1250 ἑσπέρας
323 1164 464 1252 δρᾶσθαι
484 1173 662 1256 καθήμενον
688 1169 763 1237 ὅσον
785 1169 965 1256 ἔμπροσθεν
987 1175 1095 1256 ἐχρῆν,
1114 1175 1209 1238 τοῦτο
1230 1175 1265 1237 δέ

167 1264 228 1329 καί
243 1261 290 1344 οἷς
325 1269 427 1352 άλίχος
449 1274 613 1358 ἐμπέφυκε
641 1275 725 1354 νοῦς,
747 1269 836 1357 γνοίη
867 1266 907 1337 άν
928 1273 1009 1336 θεοῦ
1030 1274 1154 1348 πάντας
1175 1265 1266 1352 εἶναι,

162 1370 246 1454 μήτε
266 1369 332 1454 μὴν
353 1379 419 1448 τοῖς
439 1373 496 1436 τοῦ
518 1375 701 1453 βαδίζοντος
721 1372 848 1457 τρόποις
870 1374 1100 1460 α’ρεσιιυμένου,
1122 1371 1179 1437 καί
1197 1367 1265 1453 ἅμα

120 1479 231 1548 torm}
250 1473 352 1560 ιοάτρι
376 1476 548 1555 δρωμένοις
582 1469 701 1540 ἅπασιν
737 1477 890 1560 ἐμφανῶς
925 1478 1130 1558 μαχομένου,
1159 1479 1214 1540 καί
1232 1477 1265 1550 ές

159 1572 200 1638 τά
231 1566 314 1638 πάνυ
340 1575 402 1638 τιῦν
435 1572 610 1656 προοιμίων
638 1577 848 1642 ένανειοῦτατα
884 1581 1006 1660 πέρατα
1037 1574 1096 1659 τὴν
1122 1577 1264 1658 σπουδὴν

160 1670 445 1756 α’ντιπεριάχοντος.
488 1679 651 1760 μέμνημαι
682 1679 794 1742 τοίνυν.
820 1678 881 1759 οάχ
902 1670 1003 1760 ἅπαξ,
1032 1671 1108 1742 οῦδὲ
1129 1675 1179 1751 δίς
1201 1700 1261 1740 που
1272 1691 1329 1743 n

163 1779 218 1840 καί
237 1772 307 1864 τρίς
327 1774 431 1862 μόνον,
456 1775 536 1840 άλλά
568 1780 623 1842 καί
656 1776 744 1860 μάλα
775 1775 878 1862 δὴπου
900 1801 935 1861 χι
962 1776 1110 1851 πολλάκις
1142 1779 1264 1859 άμφοῖν

160 1871 238 1955 ἡμῖν
258 1875 399 1952 εἰπόντας
421 1881 480 1942 τοῦ
493 1881 524 1942 Γ
521 1884 641 1964 ρηχορά
658 1877 735 1944 κατά
759 1878 818 1954 τάς
836 1880 990 1945 ἐνταυθοῖ
1006 1874 1155 1950 πολλάκις
1177 1879 1266 1941 ἰδια-

123 1972 281 2055 15ζοῦσας
303 1979 326 2016 “
356 1965 485 2062 μακράς
516 1983 573 2044 καί
601 1983 778 2055 πολυειδεῖς
809 1981 902 2063 ἦμαῑν
926 1979 1053 2061 ὁμιλίας
1085 1971 1196 2060 (οἶσθα
1229 1979 1391 2049 tiones.

162 2075 222 2140 καί
244 2079 356 2163 αῦτός)
378 2075 436 2154 τάς
455 2082 586 2162 βίβλους
608 2075 689 2146 εἶναι
712 2084 772 2146 τοῦ
793 2084 942 2162 Παλαμά
969 2083 1156 2161 δυσσεβείας
1180 2079 1264 2161 πλή-

160 2203 227 2260 ρεις
257 2181 403 2261 μακράς·
447 2178 486 2256 iic
507 2183 689 2264 δεχομένοις
711 2177 808 2266 ἡμῖν,
840 2183 897 2246 καί
925 2179 1044 2264 πολλὴν
1072 2180 1128 2244 καί
1148 2203 1263 2246 παντο-

162 2279 270 2364 δαπὴν
301 2279 360 2364 τήν
392 2283 558 2362 εὐμένειαν
592 2285 684 2369 σφίσι
710 2286 961 2368 παρεχομένοις,
997 2281 1118 2369 ἔφασκέ
1150 2305 1184 2346 τε
1211 2286 1267 2346 καί

161 2377 346 2465 ῦπισχνεῖιο
369 2384 485 2468 μηδενί
503 2387 565 2451 τιῦν
585 2381 660 2470 ἡμῖν
676 2410 710 2470 γε
724 2389 895 2468 δρωμένων
913 2386 1071 2470 δημοσίων
1091 2385 1265 2467 εῦδρομίαν

123 2477 394 2569 λθάκσλουθὴοειν
422 2485 501 2569 πρὸς
521 2489 580 2552 τοῦ
611 2490 735 2553 δικαίου
755 2489 857 2570 θεοῦ,
880 2489 948 2553 άλλ’
970 2484 1213 2570 άνατρέτιεσθαί
1229 2505 1264 2548 τι

161 2584 266 2651 πάντα
295 2586 350 2653 καί
379 2592 576 2675 φθείρεσθαι
596 2594 783 2677 προφανοῦς,
815 2588 961 2675 καθάπερ
985 2594 1148 2673 κεραυνοῖς
1169 2586 1264 2651 αι’θε-
1344 2594 1352 2601 “

161 2686 242 2770 ρίσις
265 2685 305 2753 τά
327 2686 412 2773 λὴια.
465 2692 496 2755 εἰ
524 2694 559 2757 δέ
585 2694 725 2757 uocaui
753 2694 854 2771 δόξειε
881 2697 945 2757 τῶν
972 2691 1135 2775 ἡμετέρων
1162 2685 1263 2772 ἔργων

161 2786 193 2851 ἓν
222 2786 391 2855 ὁποιονοῦν
425 2790 545 2881 ὁπῃοῦν
571 2792 719 2879 εῦτυχεῖν
748 2794 782 2859 ἑκ
806 2796 1001 2879 προοιμίων,
1034 2790 1103 2857 ἄλλ’
1126 2782 1184 2855 σῦν
1203 2790 1261 2853 σῦκ

160 3074 194 3127 tis
213 3082 295 3144 atquc
315 3077 424 3130 consilii
438 3080 572 3147 particeps
590 3094 644 3145 res,
666 3080 799 3149 quomodo
818 3094 941 3148 quaeque
959 3086 1081 3147 agantur,
1099 3085 1174 3132 recte
1193 3092 1259 3145 per-

159 3147 266 3213 spiciat.
304 3148 401 3201 iustum
419 3166 485 3203 rere
505 3168 564 3204 esse
583 3152 660 3204 deum
674 3160 700 3204 et
718 3152 803 3206 iustos
822 3151 944 3202 homiues
961 3150 995 3201 ub
1014 3166 1047 3201 eo
1067 3153 1159 3215 amari,
1181 3150 1260 3203 etiam

160 3217 211 3269 hoc
229 3227 294 3285 puto
314 3222 435 3275 omnihus
453 3239 608 3291 persuasum
637 3240 711 3290 esse,
743 3238 854 3292 quorum
881 3222 962 3273 animi
989 3222 1172 3291 gubernuculo
1191 3237 1258 3288 pru.

159 3289 444 3360 ‹tentiae-dirigantur.
482 3297 584 3364 siquis
605 3296 675 3347 enim
694 3311 771 3347 marre
797 3295 868 3347 omui
884 3294 972 3346 studio
991 3308 1066 3345 suum
1085 3294 1154 3356 iter,
1175 3300 1205 3343 ut
1221 3292 1258 3342 ita

159 3362 254 3426 dicam,
275 3367 401 3432 persequi
421 3368 472 3419 sibi
491 3369 670 3435 proposuerit,
690 3382 805 3435 vespera
813 3374 912 3424 xautem
931 3380 1016 3434 usque
1038 3365 1104 3418 adeo
1125 3362 1258 3431 posterius

159 3434 254 3484 sedens
275 3438 465 3504 conspiciatur,
485 3456 563 3507 quam
581 3439 694 3491 debebat
715 3454 875 3507 progressus
896 3454 966 3503 esse,
987 3436 1031 3488 vel
1050 3436 1150 3503 pusilla
1168 3441 1257 3490 tuente

158 3504 274 3557 imbutus
301 3506 488 3576 intellexerit,
513 3511 564 3563 hoe
584 3512 627 3563 dei
651 3527 711 3565 csse
731 3512 861 3586 lucinus„
873 3512 919 3580 qui
937 3509 1052 3561 hominis
1072 3509 1150 3561 istius
1169 3520 1258 3557 mores

158 3576 310 3643 improbans
332 3580 468 3646 omuibus,
495 3581 631 3653 quasillo
652 3584 722 3651 agit,
748 3583 890 3635 manifesto
914 3588 1046 3649 repugnat
1065 3580 1176 3647 eiusque
1199 3585 1257 3629 stu-

159 3647 229 3699 dium
257 3650 289 3701 atl
318 3655 497 3719 contrarium,
523 3670 601 3722 quam
625 3656 700 3707 initia
718 3656 913 3723 promiserunt,
940 3650 1125 3704 circumflectit
1148 3651 1274 3700 exitum.’

158 3720 267 3775 memini
285 3732 374 3777 autern
394 3726 539 3795 Gregoram
564 3741 618 3778 nou
636 3726 719 3779 semel
745 3741 797 3778 uec
823 3726 866 3777 bis
892 3733 970 3777 terre
988 3724 1035 3776 sed
1056 3723 1212 3791 saepissime
1230 3720 1258 3771 iu
1315 3749 1317 3760 ι

158 3790 248 3860 leugis
268 3782 348 3862 alque
368 3799 451 3849 uariis
471 3796 616 3865 colloquiis
635 3798 729 3849 crebro
751 3797 891 3849 uobiscum
919 3796 964 3847 hic
982 3795 1122 3859 institutis,
1141 3794 1168 3845 iu
1187 3791 1258 3861 quod

158 3864 217 3929 ipse
238 3865 309 3917 haud
328 3868 447 3937 ignores,
465 3869 543 3922 nohis
563 3871 664 3933 dicere,
683 3868 902 3921 librosPalamae
918 3882 1013 3937 mogus
1033 3873 1138 3919 scatere
1158 3866 1256 3931 impie·
1332 3876 1336 3883 ’

158 3942 221 3988 tate.
260 3953 328 4005 quos
348 3940 370 3993 si
389 3955 439 3993 uos
457 3942 639 4009 reciperemus
661 3958 692 3995 ac
714 3956 811 4009 magno
839 3940 933 3993 farore
953 3947 980 3991 et
998 3939 1070 3990 omni
1087 3937 1258 3990 benevolen-

158 4008 194 4057 tia
213 4022 449 4079 prosequeremur,
468 4014 537 4065 nulli
565 4014 606 4065 rei
625 4014 749 4083 publicus
768 4028 785 4064 ιι
802 4012 880 4064 uobis
899 4018 1041 4078 susceptae
1062 4010 1140 4063 deum
1161 4010 1257 4061 iustum

159 4093 306 4147 prosperos
326 4099 467 4138 successus
486 4086 606 4137 daturum
626 4102 695 4149 esse,
715 4086 782 4136 dixit
800 4092 880 4152 atque
896 4084 1019 4151 promisit
1036 4080 1104 4145 ille,
1123 4080 1171 4133 sed
1189 4080 1257 4142 lore,

157 4157 186 4201 ut
205 4156 297 4207 omnia
314 4155 535 4209 subverterentur
562 4173 594 4209 ac
611 4158 753 4211 manifesto
781 4162 1016 4222 corrumperentur
1035 4152 1120 4205 veluti
1149 4159 1257 4219 segetes

160 4220 312 4292 fulguribus
333 4226 477 4282 aethereis.
515 4230 556 4282 siu
575 4239 663 4285 autem
682 4229 748 4280 haec
775 4228 822 4280 uel
841 4226 890 4279 illa
908 4242 952 4280 res
973 4223 1158 4293 aliquomodo
1179 4221 1257 4306 initio

157 4296 234 4353 uobis
253 4300 403 4355 succedere
417 4298 515 4357 'visura
535 4309 615 4371 esset,
634 4311 750 4361 attamen
774 4293 830 4355 uisu
855 4300 939 4373 longo
958 4305 1078 4369 tempore
1095 4296 1256 4367 interposito
