3184 5100
287 390 510 463 nrsroumn
537 385 794 460 orclanum
823 326 918 459 τιν.
948 371 1136 462 tt-tt.
1227 390 1274 468 53

169 584 216 629 νει
236 557 390 643 ναυάγιον
419 557 501 641 μετά
521 555 578 641 τὴν
597 555 725 642 μακράν
752 557 872 640 ἐκείνην
903 555 1072 643 ἐληλυθότι
1092 555 1274 644 θάλασσαν,

170 660 321 747 δεάτερον
341 663 371 725 δ’
393 660 411 744 ἡ
431 661 492 726 τάν
517 658 735 744 πατρίωντῆς
749 662 806 722 τοῦ
820 660 898 722 θεοῦ
919 655 1084 745 ἐκκλησίας
1106 660 1275 746 δογμάτων

170 765 365 845 κατάλυσις,
397 766 437 827 δι’
467 759 506 846 ἢν
532 759 709 843 α’ρχάμενον
730 755 778 824 ἔτι
801 760 947 845 καθάπερ
979 760 1124 846 σ’ψιγενὲς
1145 765 1179 829 ἐν
1196 763 1273 854 ληίφ

171 866 316 945 ζιζάνιον
338 863 493 950 φάεσθαι,
515 862 571 925 καί
592 854 659 940 άμα
680 862 741 926 σοῦ
758 861 1031 945 προαγορεύοντος
1051 863 1177 930 α’κοάων
1197 869 1274 947 μέλ-

143 973 240 1031 5λειν
265 966 306 1028 δι’
329 961 446 1030 ἔκτισιν
460 962 628 1048 άμαρτιῶν
649 969 827 1045 συγχωρεῖν
842 960 896 1026 ’τὸν
918 960 1086 1030 θεόνιιατά
1103 968 1158 1046 τῆς
1182 964 1274 1050 {pods

172 1065 341 1149 εάσεβείας
364 1064 513 1148 διωγμόν,
530 1063 585 1126 καί
605 1061 813 1146 ξοννενσιγκοάς
838 1062 936 1140 αάτὸς
953 1062 1092 1145 ε’μαντάν
1114 1068 1156 1130 oo'
1176 1067 1275 1150 δυνη·

173 1165 308 1248 σάμενος
331 1162 437 1248 οἴσειν,
459 1159 759 1250 φογάςὲθελοντὴς
782 1166 807 1203 ”
827 1165 1001 1249 γεγένημαι,
1017 1167 1073 1249 τῆς
1095 1169 1173 1250 ἐμῆς
1195 1175 1304 1232 rou-t.
1325 1175 1374 1232 107
1386 1175 1414 1232 b.

173 1266 249 1353 τησί
269 1268 420 1351 πατρίδος
442 1267 493 1350 ἐφ’
516 1261 590 1351 ὅλην
611 1258 671 1349 ἤδη
693 1267 898 1331 εἰκοσαετίαν.
953 1263 1021 1331 εἴθε
1042 1270 1071 1331 δ’
1091 1265 1137 1333 ἔτι
1159 1291 1281 1352 προσε-·

173 1371 283 1433 τίθετο
306 1370 360 1433 καί
393 1369 509 1433 πλείων
538 1365 652 1450 χρόνος
678 1367 717 1456 τῇ
735 1369 833 1455 φυγῇ.
877 1366 948 1432 ἀλλ’
979 1370 1089 1453 ἐχρῆν,
1115 1367 1158 1444 ὦς
1179 1366 1273 1447 ἔοικε,

128 1484 162 1536 10
173 1467 341 1546 θαλάσσας
363 1469 536 1533 θαλασσῶν
558 1461 759 1545 ἀλλάξασθαι
781 1471 964 1552 βιαιοτέρας
983 1473 1087 1559 πολλρῖ
1109 1473 1173 1534 τῶν
1195 1468 1277 1534 duc·
1333 1464 1338 1485 ¹

172 1573 304 1654 ρορίων.
357 1568 522 1643 πλείστους
552 1565 613 1653 γάρ
651 1572 684 1633 ε’ν
719 1570 869 1658 α’λλοτρίρ
901 1568 1016 1645 τόπους
1038 1570 1199 1637 διελθόντι
1223 1572 1279 1638 καί

173 1672 323 1755 πλείστην
345 1673 595 1758 περαιωσαμὲνφ
620 1666 807 1750 θάλασσαν,
839 1669 1002 1746 τοιοάταις
1021 1665 1111 1738 σάπω
1143 1679 1199 1738 καί
1220 1679 1277 1740 νῦν

173 1773 415 1855 ἐντεςυχηκέναι
445 1771 623 1846 θαλάσσαις
653 1770 883 1849 ξυνεπεπτάκει
904 1795 977 1852 μοι,
1001 1768 1054 1838 ὅτε
1081 1778 1203 1854 μάλλον
1224 1778 1281 1840 καί

175 1867 237 1958 ὅπῃ
267 1875 389 1952 μᾶλλον
412 1867 621 1937 α’ναπνεάσειν
653 1870 763 1960 φ’ἡθφν
797 1868 946 1937 ἐπανιών.
1010 1875 1095 1938 πᾶσα
1123 1878 1183 1955 μὲν
1214 1874 1277 1959 γάρ

130 1987 164 2040 15
174 1977 279 2058 ἐκείνη
300 1971 445 2038 θάλαττα
477 1977 531 2037 καί
553 1974 677 2038 κλάδων
700 1967 787 2047 άπας
818 1969 888 2036 ἐκεῖ
906 1973 1053 2054 σώματος
1073 1977 1194 2059 η’πειλει
1218 1977 1278 2042 θά-

174 2098 282 2156 νατον,
305 2065 344 2137 οὗ
364 2074 420 2159 τήν
439 2071 557 2161 ἔφοδον
586 2077 641 2139 καί
663 2075 791 2161 φάσεως
821 2069 981 2151 άθάνατος
997 2079 1107 2162 ψῆφος
1125 2074 1278 2160 ἐνομοθέ-

175 2201 252 2262 τησε
282 2173 457 2260 πρότερον·
509 2172 538 2240 οἱ
570 2177 604 2240 δὲ
636 2179 699 2241 τάν
723 2179 821 2240 θείων
856 2172 1022 2259 δογμάτων
1042 2181 1200 2261 χειμάνες
1224 2184 1279 2245 καὶ
1354 2167 1358 2175 ’

174 2281 333 2353 κλύδωνες
364 2275 528 2342 α’θανάτου
562 2282 670 2362 ψυχῆς
702 2279 946 2361 ἐπαγγέλλονται
973 2276 1134 2362 θάνατον,
1168 2274 1279 2365 ἥκιστα

175 2384 279 2464 πέρας
310 2377 405 2443 οὐδὲν
436 2378 563 2467 οὐδαμῇ
587 2383 656 2444 ποτ’
689 2381 823 2464 ἐνεγκεῖν
846 2381 1031 2463 δυνάμενον.
1074 2385 1178 2448 καίτοι
1201 2369 1344 2459 ου’δὲη

129 2488 166 2543 20
176 2481 344 2566 πόρρωθεν
357 2474 426 2543 εὗδ’
440 2476 535 2554 ου’τάς
552 2482 613 2544 τάν
628 2481 779 2546 τοιοάτων
790 2479 938 2562 κυμάτων
953 2484 1067 2558 τελέως
1078 2478 1209 2568 άνὴκοος
1228 2475 1278 2568 ἦν.

176 2580 261 2649 α’λλά
285 2586 327 2665 με’
350 2606 398 2659 τις
419 2580 588 2647 δπέσαινεν
610 2575 696 2664 ὅμως
719 2582 816 2667 ἐλπίς,
836 2583 1038 2668 μεμνημένον
1064 2586 1122 2668 τῆς
1141 2585 1218 2669 πρὸς
1242 2589 1279 2650 οδ

175 2686 234 2749 τοῦ
253 2687 410 2797 βασιλέως
433 2688 543 2769 φιλίας
573 2686 628 2748 καί
653 2687 715 2749 τάν
747 2682 867 2771 νάκτωρ
890 2685 946 2749 καί
964 2689 1038 2768 μεθ’
1060 2686 1185 2771 ἡμέραν
1206 2683 1281 2768 ὅμι-

181 2990 265 3046 quum
284 2988 357 3025 maro
375 2972 442 3027 illud
449 2981 554 3026 vastum
573 2989 730 3044 permensus
750 2989 853 3039 essem3
875 2978 1117 3038 secundumnntem
1135 2977 1282 3046 patriorum

180 3050 340 3115 dogmatum
362 3044 494 3098 ecclesiae
513 3046 556 3097 dei
578 3048 699 3111 eversio;
722 3063 799 3116 quam
821 3063 899 3116 quum
919 3049 1099 3117 quusilolium
1117 3050 1145 3101 in
1163 3065 1283 3103 aurose.

183 3121 301 3173 rotinum
324 3118 413 3171 enasci
435 3124 603 3185 coeptantem
625 3120 743 3171 viderem
762 3127 843 3187 atque
863 3127 890 3169 te
909 3121 1026 3172 audirem
1043 3122 1283 3187 praenuntiantem,

184 3194 255 3254 lore,
274 3197 304 3241 ut
326 3191 391 3242 deus
410 3205 458 3257 pro
477 3199 647 3257 peccatorum
670 3192 787 3243 vindicta
807 3192 1022 3258 persecutionem
1041 3199 1149 3244 nostrae
1167 3193 1284 3262 religio.

182 3265 227 3315 nis
250 3262 411 3326 admitteret,
432 3277 465 3313 cx
484 3262 533 3311 hac
552 3278 611 3313 mea
630 3264 725 3329 patria,
747 3264 819 3331 quod
838 3264 865 3314 id
882 3279 924 3314 me
941 3263 1059 3315 tolerare
1077 3278 1131 3313 uon
1139 3279 1218 3331 posse
1239 3266 1284 3315 in.

183 3333 352 3402 telligcbam,
373 3349 422 3401 ρει·
442 3334 562 3402 integros
581 3334 677 3403 viginti
701 3350 784 3387 annos
794 3336 924 3402 profugus
947 3335 1018 3403 degi.
1056 3335 1156 3386 utinam
1176 3334 1284 3403 lougius

184 3407 266 3457 etiam
285 3412 389 3473 tempus
412 3404 492 3473 lugae
511 3406 684 3458 addidissem!
728 3407 774 3457 sed
796 3407 940 3470 debebam,
962 3415 991 3458 ut
1011 3408 1133 3471 videtur,
1161 3405 1285 3459 lluctibus

184 3478 283 3530 fluctus
304 3476 388 3528 multo
410 3478 562 3545 peregrinis
582 3478 749 3530 saevioribus
775 3487 935 3544 permutare.
978 3495 1136 3547 quamquam
1162 3478 1231 3530 enim
1257 3480 1286 3529 in

184 3548 309 3616 plurimis
331 3548 428 3601 alicnis
448 3549 517 3600 locis
536 3551 723 3617 peregrinatus
746 3549 913 3619 plurimaque
932 3552 1013 3601 maria
1032 3558 1199 3601 transvectus
1218 3564 1285 3612 sum,

185 3634 317 3687 nusquam
338 3628 435 3685 tamen,
455 3622 482 3673 in
500 3622 568 3673 tales
589 3622 683 3673 lluctus
703 3622 794 3685 incidi,
816 3622 909 3691 quales
929 3622 972 3674 bic
992 3623 1076 3673 coorti
1086 3629 1156 3685 sunt,
1177 3635 1285 3688 quore-

185 3708 283 3743 versus
300 3707 371 3743 uuae
393 3708 470 3761 quam
491 3695 605 3745 maxime
624 3701 855 3745 merecrcaturum
868 3710 927 3745 esse
945 3694 1092 3761 sperabam.
1115 3693 1204 3744 omnia
1216 3694 1286 3745 enim

185 3766 239 3814 ista
256 3764 507 3833 mariaomnesque
527 3767 573 3817 isti
594 3764 689 3817 lluctus
709 3768 829 3833 corporis
846 3773 957 3817 mortem
970 3768 1134 3830 minitantur,
1155 3767 1229 3817 cuius
1241 3767 1286 3817 iu.

186 3850 299 3903 gressus
327 3836 405 3886 etiam
430 3844 542 3887 naturae
571 3836 713 3889 immortali
738 3840 847 3890 decreto
876 3837 1032 3905 praefinitus
1054 3846 1106 3901 est3
1135 3841 1286 3906 sqnctorum
1339 3892 1347 3907 .

187 3913 276 3957 autem
304 3907 454 3975 dogmatum
480 3915 652 3976 tempestates
672 3917 752 3978 atque
773 3908 912 3977 procellae
931 3910 1087 3962 immortalis
1107 3910 1210 3974 animae
1235 3910 1286 3961 dc.

187 3979 318 4029 nunciant
338 3988 458 4043 mortem,
477 3996 546 4047 quae
565 3980 666 4032 nullum
686 3997 801 4049 unquam
820 3983 899 4033 linem
919 3982 1007 4032 sortiri
1018 3984 1111 4048 possit.
1130 3997 1286 4051 quamquam

186 4056 276 4100 nutem
298 4058 386 4103 tantos
405 4049 499 4101 fluctus
524 4052 568 4103 bic
589 4053 717 4103 excitatos
736 4069 795 4103 csse
813 4069 848 4103 ne
869 4052 963 4121 procul
983 4052 1087 4121 qumem
1107 4054 1186 4121 plauc
1205 4054 1287 4120 iguo-

186 4121 289 4186 rabam,
309 4137 371 4189 spes
389 4130 478 4174 tumen
496 4123 633 4176 admodum
652 4123 749 4175 blanda
767 4140 810 4175 me
829 4128 924 4191 tenuit,
943 4142 1021 4194 quum
1043 4126 1198 4177 recordarer
1219 4126 1288 4175 ami.

188 4195 286 4257 citius,
314 4210 382 4261 quac
414 4202 502 4246 tecum
523 4196 677 4263 imperatori
708 4196 907 4262 intercederet,
938 4198 1192 4265 consuetudinisque
1214 4195 1288 4247 illius

189 4274 340 4319 nocturnae
364 4274 390 4317 et
410 4267 530 4333 diurnae,
550 4284 625 4337 quam
649 4282 748 4322 summa
767 4270 911 4337 cupiditate
924 4271 1083 4338 ardentique
1100 4270 1289 4320 animotccum

157 4390 161 4395 ,
194 4346 348 4403 exerceret,
370 4339 523 4408 priusquam
541 4340 572 4393 ad
594 4340 690 4393 solium
710 4341 908 4415 imperatorium
930 4350 1040 4396 erectus
1060 4349 1141 4406 esset,
1161 4348 1240 4408 atque
1261 4343 1290 4389 ut
