3184 5100
274 368 496 435 nrsronmu
522 368 779 438 orrannum
795 376 921 457 xxxv:
941 360 1126 445 att-ae.
1185 369 1259 449 tet

84 602 87 610 ,
151 531 277 617 τροπήν
301 536 377 596 ποθ’
406 529 573 615 ύπομένειν
605 532 756 617 ἡντινοῦν.
812 538 839 599 εἰ
860 535 920 621 γάρ
942 536 986 621 μὴ
1006 542 1088 604 τοῦτ’
1115 537 1174 627 εἴη,
1195 561 1259 606 κωι·

84 630 85 634 ’
159 633 254 704 λύσει
273 635 336 697 τῶν
357 632 483 697 πάντων
504 632 596 697 oridia
617 633 697 719 πρός
723 635 872 718 ἀσέβειάν
898 637 983 719 ἔχειν
1004 640 1185 726 όπιρρεπιῦς
1209 643 1260 709 det*

155 734 215 798 καί
234 734 364 820 ’νύκτωρ
397 735 452 799 καί
472 739 547 815 μεθ’
577 735 702 820 ἡμέραν
728 730 912 802 κλονεῖσθαι
931 740 987 803 καί
1010 742 1259 825 περιτρέπεσθαι

155 835 262 897 πάντα
283 834 363 912 τινά,
386 836 533 920 καθάπερ
561 836 788 932 ἀνερμάτιστον
812 838 935 923 σκάφος
956 840 1008 925 ἐφ’
1031 838 1136 925 ύγριῦν
1157 842 1257 916 doru-

124 938 273 1021 5τούσης
306 939 474 1026 θαλάσσης
507 941 655 1024 κυμάτων
675 942 942 1023 ταλαντευόμενον
975 944 1026 1027 ἐφ’
1050 936 1182 1028 ἑκάτερα
1204 943 1259 1006 καί

157 1040 326 1114 παντοιάις
348 1040 474 1123 άνὲμων
503 1050 614 1123 πνοαῖς
638 1041 790 1125 άγόμενόν
809 1064 843 1104 τε
871 1041 926 1105 καὶ
949 1044 1124 1127 φερόμενον
1140 1041 1257 1126 ’πλημὲ

155 1141 273 1223 μελοῦς.
316 1139 397 1203 κατά
415 1139 477 1226 γάρ
499 1139 554 1205 τόν
582 1141 683 1226 με’γαν
704 1142 893 1219 Βασίλειον,
920 1140 952 1205 εἴ
968 1166 1015 1218 τις
1040 1144 1324 1225 άβασανόστωςΜ

158 1240 316 1324 προσέχει
339 1250 405 1318 τοῖς
425 1243 603 1326 γράμμασι,
628 1245 707 1326 πρὸς
726 1240 921 1326 Ἑλληνικούς
936 1266 970 1307 τε
991 1244 1047 1307 καί
1067 1240 1261 1319 ‘laetantia

158 1338 320 1422 όμοῦκαί
340 1343 496 1427 γρααόύεις
518 1344 644 1425 μύθους
673 1342 921 1428 ἐκτραπήσεται,
950 1345 1006 1407 καί
1028 1342 1154 1424 πτωχός
1179 1367 1260 1407 παν-

107 1450 147 1503 10
159 1446 259 1518 τελιῦς
278 1446 341 1507 τῶν
364 1444 461 1521 άξύων
490 1445 564 1528 περὶ
592 1445 670 1507 θεοῦ
700 1446 867 1528 νοημάτων
899 1428 1123 1529 καταγηράσει.
1179 1441 1261 1509 άλλά

157 1547 207 1629 argi
229 1568 265 1628 γε
288 1547 418 1608 ύιπλοῦν
438 1568 471 1609 τε
500 1544 556 1609 καί
584 1545 733 1608 σύνθετον
756 1544 895 1628 ἀκριβοῦς
924 1546 978 1609 τὸν
1001 1544 1259 1631 Χριστόνέγνω-

136 1646 230 1708 sadec
253 1644 312 1725 μὲν
331 1646 365 1709 ἐκ
383 1647 446 1707 τῶν
457 1648 574 1709 θεϊκοῦν
584 1646 639 1708 νῦν
653 1646 680 1707 δ’
693 1645 727 1707 ἐκ
745 1648 808 1707 τῶν
825 1645 1090 1729 ἀνθρωπίνων
1106 1643 1261 1729 όηλούσης
1288 1684 1292 1695 -

159 1741 196 1809 τό
219 1744 477 1829 συναμφότερον,
509 1744 546 1806 ού
574 1743 657 1828 μέγα
680 1741 772 1828 ἔργον
801 1741 842 1807 τά
860 1745 919 1825 μὲν
941 1742 1052 1827 ύψηλά
1073 1745 1114 1829 τῇ
1135 1743 1261 1827 θεότητι

159 1844 289 1926 νέμειν,
317 1842 357 1907 τά
389 1848 417 1909 d’
439 1843 595 1930 ῦφειμόνα
623 1846 664 1930 τῇ
699 1844 934 1929 άνθρωπότητι·
989 1845 1046 1908 καί
1066 1842 1141 1909 όταν
1164 1842 1260 1930 άκούη

86 1930 262 2025 Χ15“σάρξ
281 1968 315 2009 τε
337 1941 354 2009 ό
377 1944 468 2029 λόγος
490 1945 627 2030 ἐγένετο”
646 1945 702 2010 καί
720 1939 815 2019 αύθις
833 1943 959 2031 ((όλόγαι
982 1944 1108 2031 ῥανίδες
1130 1946 1263 2029 αἵματος

162 2047 242 2121 θεοῦ
259 2046 377 2127 κόσμον
399 2043 472 2110 όλον
495 2044 658 2129 ύγιασαν,”
691 2043 728 2109 ού
747 2045 926 2130 μεταβολὴν
948 2046 1021 2111 οόύὲ
1040 2044 1160 2133 τροπὴν
1181 2044 1262 2121 όλως

161 2146 363 2230 ὑπολήψεται
396 2150 452 2230 τῆς
486 2149 643 2230 θεότητος.
696 2147 764 2211 odo’
794 2146 845 2213 ὅτε
874 2151 952 2212 θεοῦ
984 2148 1054 2213 υἱὸν
1082 2150 1188 2213 άκούει
1208 2146 1328 2223 τύνη

165 2244 348 2331 άνθρωπον,
371 2251 441 2334 θεῷ
463 2245 601 2333 φυσικὴν
634 2249 775 2334 ἐννοησει
806 2248 863 2334 τὴν
890 2251 974 2315 κάτω
1008 2251 1161 2337 γέννησιν.
1208 2236 1262 2314 ναό

162 2345 227 2431 μὴν
249 2345 323 2411 ούῦὲ
340 2351 593 2434 μεταμόρφωσιν
611 2350 748 2427 άκούσας
769 2358 835 2425 τοῖς
856 2354 918 2413 τῶν
939 2351 1155 2433 εἰκονομάχων
1176 2349 1263 2415 ῦπα-

109 2461 153 2518 20
161 2448 321 2531 χθήσεται
336 2447 450 2532 λόγοις,
473 2446 555 2513 ὥστε
570 2450 750 2534 μεταβολὴν
765 2434 828 2515 καό
842 2448 962 2536 τροπὴν
975 2449 1094 2535 σαρκός
1107 2452 1152 2527 εἰς
1175 2446 1261 2515 άκτιε

164 2574 238 2615 στον
259 2548 470 2636 ἐννενοηκέναι
493 2543 670 2636 stationemi}
692 2553 841 2638 θεότητος
860 2553 1077 2636 μετοοοόωοιν
1102 2556 1146 2630 εἰς
1168 2549 1260 2640 ύφει-

162 2651 260 2735 με’νην
280 2652 336 2716 καί
360 2652 574 2719 άνυπόστακον
599 2652 695 2742 άλλην
718 2657 773 2720 καί
794 2655 941 2720 άνούσιον
958 2639 1094 2740 θεότητα
1115 2653 1262 2720 κατάτόν

164 2755 340 2835 Παλαμάν.
355 2753 383 2816 εἰ
398 2755 433 2818 δὲ
444 2758 536 2819 τοῦθ
546 2754 638 2834 ούτω,
653 2758 762 2842 πολλῷ
772 2758 896 2838 μάλλον
911 2756 978 2820 οὐδ’
994 2753 1046 2820 rire
1059 2755 1153 2834 ύόξαν
1167 2755 1261 2818 ἀκού-

109 3135 113 3139 .
164 3085 304 3138 riattouem
333 3092 379 3136 aut
401 3085 574 3136 mutationem
601 3085 683 3138 ullam
701 3087 822 3138 subesse.
873 3086 942 3154 quod
971 3087 994 3138 si
1021 3101 1076 3137 nou
1096 3095 1177 3152 esset,
1194 3086 1263 3138 nihil

166 3158 271 3208 omuino
290 3155 439 3222 impediret,
459 3158 599 3224 quominus
618 3159 649 3208 ad
668 3158 830 3228 impietatem
858 3157 1038 3224 propenderet
1057 3165 1083 3208 et
1102 3157 1146 3208 diu
1165 3167 1263 3209 noctu.

166 3245 218 3298 que
237 3228 454 3279 circumferretur
474 3237 501 3278 et
519 3230 672 3290 lactaretur,
692 3237 721 3279 nt
738 3229 825 3298 inanis
844 3229 924 3298 nnvig
947 3230 1093 3278 aestuantis
1113 3230 1191 3278 maris
1211 3229 1263 3280 liu.
1354 3233 1369 3248 f

166 3301 251 3352 atibus
280 3300 333 3349 hue
358 3298 426 3348 illuc
446 3299 542 3350 iactata
571 3308 597 3351 ct
615 3300 705 3350 multis
724 3301 815 3360 ventis
831 3304 929 3368 agitata
956 3307 981 3350 et
1001 3300 1028 3349 in
1047 3299 1194 3365 perniciem
1212 3301 1264 3350 du.

166 3380 216 3424 cta.
255 3372 363 3433 etenim,
386 3377 415 3419 nt
435 3371 472 3421 ait
493 3387 602 3439 magnus
622 3371 754 3434 Basilius,
784 3372 806 3421 si
827 3373 885 3440 quis
914 3379 1015 3421 temere
1033 3371 1065 3421 ad
1086 3371 1184 3436 scripta
1203 3371 1264 3421 eni.

164 3459 233 3494 mum
253 3441 382 3504 attulerit,
401 3441 433 3491 ad
450 3441 611 3494 Graecorum
634 3443 843 3510 indecorumque
867 3441 969 3492 fabulas
989 3441 1131 3507 perveniet
1150 3449 1176 3492 ct
1196 3456 1265 3508 uge-

164 3529 215 3565 nus
234 3514 313 3579 digna
334 3513 377 3562 dei
398 3514 554 3580 cognitione
573 3516 700 3564 senescit.
739 3514 786 3564 sed
806 3515 840 3575 ei,
861 3514 906 3580 qui
927 3513 1061 3579 duplicem
1082 3519 1109 3563 et
1127 3513 1264 3580 composi-

165 3593 217 3636 tum
238 3599 271 3634 ex
289 3585 382 3634 divino
405 3593 431 3635 et
460 3585 572 3635 humano
592 3585 767 3650 compositum
787 3584 919 3638 Christum
944 3583 1101 3646 intellexit,
1124 3599 1176 3635 non
1207 3598 1265 3634 ma.

165 3671 245 3725 gnum
264 3663 407 3720 opus‘est,
427 3657 536 3722 grandia
555 3657 646 3707 deitati
666 3656 801 3720 tribuere,
820 3657 908 3706 iuiima
927 3655 1091 3704 humanitati.
1130 3655 1196 3704 etsi
1215 3669 1265 3704 au.
1291 3647 1295 3656 ’

99 3743 103 3749 ·
165 3727 244 3778 dierit
264 3741 342 3774 “earo
364 3727 459 3777 iactum
479 3735 520 3777 est
537 3728 676 3791 verbum‚”
696 3737 723 3778 et
741 3743 832 3779 rursus
853 3725 1015 3776 “nonnullae
1027 3725 1112 3776 divini
1128 3725 1264 3793 sanguinis

165 3805 256 3866 guttae
275 3797 427 3848 universum
444 3799 567 3849 muudum
589 3799 733 3850 sanarunt”
758 3814 812 3849 uon
835 3799 1007 3848 mutationem
1024 3805 1071 3867 aut
1090 3797 1264 3850 variationem

167 3869 273 3920 omniuo
293 3868 399 3919 deitatis
419 3884 478 3918 esse
498 3871 626 3935 coniiciet
642 3887 694 3922 nec
715 3870 760 3921 ubi
786 3870 830 3922 dei
847 3869 931 3922 fllium
949 3869 1021 3920 eradit
1041 3883 1100 3920 esse
1120 3868 1262 3932 hominem,

167 3942 216 3992 deo
243 3939 388 3989 naturalem
417 3940 500 3992 luisse
525 3943 657 4009 originem
676 3942 820 4008 intelliget.
865 3941 1029 4010 quinetiam
1053 3941 1075 3990 si
1103 3938 1135 3990 de
1155 3939 1263 3990 transii.

167 4011 307 4078 geratione
327 4012 451 4073 audierit,
470 4029 524 4063 non
544 4014 777 4065 iconomachorum
796 4011 875 4064 dietis
895 4013 1052 4077 decipietur,
1072 4011 1109 4060 ita
1128 4019 1156 4061 ut
1176 4018 1263 4061 atrita.

167 4087 266 4136 tionem
287 4089 314 4132 et
331 4086 506 4133 variationem
528 4087 615 4136 earnis
634 4086 661 4136 iu
680 4087 825 4136 increatum
837 4087 962 4136 deitatem
975 4080 1120 4150 intelligat,
1136 4089 1184 4134 aut
1203 4083 1263 4133 dei.

168 4155 230 4207 tatis
250 4153 573 4207 transsubstantiationem
592 4157 785 4209 imsubiectam
807 4163 834 4206 et
853 4155 1080 4206 insubstantialem
1105 4153 1216 4205 alterum
1237 4159 1264 4203 et

166 4225 366 4285 inessentialem
386 4226 509 4277 deitatem
524 4229 667 4280 secuudum
679 4227 818 4280 Palamam.
856 4227 927 4295 quod
946 4229 968 4278 si
986 4229 1022 4277 ita
1042 4234 1090 4286 est,
1111 4224 1193 4276 multo
1212 4224 1275 4290 mi*

89 4305 97 4321 “
167 4311 217 4353 uua
235 4297 280 4350 nbi
302 4296 415 4366 gloriam
435 4298 540 4353 deitatis
560 4300 667 4377 paulum
697 4299 857 4368 subaperire
875 4293 921 4353 aut
939 4298 1121 4352 subindicatae
1139 4293 1263 4398 audierit,
