3184 5100
329 401 552 468 nmroarss
580 397 840 468 emturum
855 403 949 468 xxv.
968 381 1009 468 t.
1031 383 1071 467 8.
1204 393 1250 467 αι

148 555 217 644 ἅμα
240 562 304 626 τεόν
339 560 520 644 όρθοδόξοον
551 571 616 636 τοῖς
650 565 805 628 ἐνταυθοῖ
827 557 1020 645 πατριιόταις
1052 561 1167 646 ἡδονῆς
1195 561 1252 644 τῆς

144 664 314 746 βελτίστης
338 658 465 746 ἐφόδια,
489 655 758 749 λιλινέφιεμένοις
778 657 879 727 ἅπασι
899 667 1017 742 μαθεῖν
1039 659 1123 737 όπτος
1144 661 1254 725 κιίκεί-

145 786 218 837 νους
243 757 263 845 ἦ
288 759 379 848 φήμη
402 763 465 827 ταῖν
486 753 548 827 ὦδε
570 767 748 848 συμφορῶν
777 766 832 848 τῆς
861 766 916 829 τοῦ
937 767 1016 828 θεοῦ
1038 767 1184 848 διέθηκεν
1200 765 1253 825 έκ-

143 867 303 946 κλησίοις,
333 873 476 947 γραφαῖς
510 859 702 946 τερατοόδευι
732 865 796 928 τεόν
828 866 969 929 ἐνταῦθα
993 859 1252 929 δυναστευόντων

121 963 221 1038 ironic
245 965 397 1049 πανταχῇ
427 967 482 1048 τῆς
509 967 691 1050 οἰκουμένης
724 965 869 1046 εῦσεβεῖς
891 968 1102 1047 ἐπειγομένων
1130 967 1253 1044 ε’ξαπα-

144 1066 219 1142 τῦν,
256 1066 312 1127 καί
343 1065 605 1149 φιλονεικούντων
635 1069 691 1150 τὴν
720 1064 923 1148 πανταχόθεν
956 1060 1115 1148 ἑταιρείαν
1134 1089 1169 1128 τε
1200 1067 1256 1129 καί

144 1161 321 1245 ὁμολογίαν
342 1166 397 1248 τῆς
421 1163 571 1250 τοιαότης
593 1169 705 1242 κακίας
727 1160 794 1234 οἷόν
814 1191 844 1229 τι
866 1168 1068 1251 καρποῦσθαι
1089 1166 1252 1248 τρόπαιον.

253 1267 349 1328 Ταῦτ’
378 1267 459 1345 ε’μοῦ
483 1289 519 1347 γε
540 1264 732 1348 διεξιόντος,
764 1268 936 1349 ῦπολαβόιν
965 1264 981 1330 ό
1010 1261 1289 1349 Ἀγαθόγγελος,8

143 1363 218 1446 ἐμοί
238 1367 274 1429 δέ
295 1369 427 1447 βέλτιον,
448 1353 564 1451 ’ἔφησε
584 1370 740 1450 δέδοκται,
763 1371 836 1433 θειά
850 1390 905 1449 μοι
924 1365 1060 1452 κεφαλή,
1081 1369 1255 1430 τελευταῖν-

110 1479 136 1532 li
146 1463 200 1541 τός
221 1489 281 1548 μοι
305 1468 398 1530 τοῦδε
420 1467 478 1530 τοῦ
499 1464 593 1550 λόγου
615 1470 788 1548 διεξελθεῖν
810 1464 911 1545 εόθῦς
934 1463 1130 1549 α’πολαβόντι
1152 1467 1254 1548 χειρίς

145 1569 266 1648 ἐκεῖνα,
273 1564 409 1650 μηδενός
422 1570 479 1632 τοῦ
488 1571 807 1652 συγχεῖνδυναμένου
818 1572 929 1656 σφίσιν
941 1567 1022 1644 όλοος
1031 1589 1255 1633 συνυπακουο-

144 1672 258 1748 μέναυ,
281 1660 368 1744 ὅπως
383 1673 449 1731 ποτ’
464 1669 516 1732 ε’πί
530 1673 603 1734 νοῦν
618 1671 763 1756 εἰληφότι
781 1667 946 1736 διεστάναι
961 1672 1023 1735 τεόν
1038 1665 1179 1733 καθόλου
1201 1671 1256 1733 καί

145 1771 309 1850 κοσμικόν
337 1772 448 1842 όπλοῦς
470 1772 568 1834 εἰπεῖν
591 1770 629 1836 τό
661 1774 717 1855 τῆς
745 1773 1005 1855 ἕκκλησιιιστικῆς
1025 1767 1180 1851 ἱστορίας,
1200 1768 1255 1833 καί

145 1873 233 1935 ἰδίαν
267 1872 327 1949 μέν
355 1861 435 1934 εἶναι
464 1873 597 1951 ταυτηνί
630 1871 848 1956 πραγματείαν
880 1872 964 1935 ίδίον
987 1874 1015 1934 δ’
1037 1874 1169 1952 ἐκείνην,
1199 1875 1253 1935 καί

112 1965 253 2040 tuition
282 1967 436 2056 ἑκατέραν
470 1973 513 2049 σός
543 1971 581 2038 τό
612 1971 711 2040 πολλοὶ
736 1975 790 2036 καί
819 1971 856 2035 οῦ
878 1975 939 2037 τῶν
968 1973 1083 2036 ου’τιῦν.
1127 1974 1197 2036 ἐπεί
1216 1973 1252 2035 δέ

147 2068 189 2134 σό
212 2073 350 2134 διπλοῦν
373 2072 445 2136 ἄνθ’
468 2071 572 2136 ἁπλοῦ
598 2070 652 2136 τόν
672 2074 766 2136 πόνον
795 2072 1013 2154 διαδέχεσθαι
1034 2070 1131 2157 εἵλου,
1153 2065 1251 2138 καίό
1293 2115 1297 2124 -

147 2169 320 2236 adeodado
343 2175 378 2236 έν
396 2168 555 2257 ἑκατέροις
576 2173 750 2254 συμπίπτει
769 2177 917 2257 γίνεσθαι
932 2170 1049 2257 χρόνον
1069 2178 1169 2263 βίβλῳ
1191 2177 1252 2262 μιηῖ

126 2276 332 2338 ,συντιθέναι
355 2295 405 2337 σοι
429 2277 587 2356 δέδοκται,
612 2274 669 2338 οῦκ
694 2270 735 2338 όν
755 2268 824 2338 πόδ’
838 2273 939 2350 αότός
960 2274 1088 2362 ου’δαμῇ
1098 2298 1134 2357 γε
1158 2273 1251 2359 dxvij.

148 2397 244 2454 σαιμι
265 2373 305 2438 τό
328 2377 384 2458 τῆς
408 2375 506 2458 αὐτῆς
529 2379 563 2440 έν
585 2369 692 2464 sudrei
713 2374 866 2457 περιόδου
888 2378 1036 2455 διεξιέναι
1059 2373 1249 2460 συλλήβδην,

113 2472 218 2540 ibisci
246 2474 302 2538 καί
327 2475 441 2560 τρόπον
470 2473 575 2560 ἕτερον
610 2473 762 2563 πρότερον
793 2473 970 2562 (εἰρήσεται
999 2474 1062 2561 γόρ
1098 2473 1248 2563 τάληθές)

149 2579 284 2642 ἐδεδίειν
304 2574 393 2659 μόλα
414 2575 513 2656 αότός
534 2582 658 2654 ἐκείνοις
680 2580 842 2659 διεξιέναι,
864 2574 921 2643 καί
934 2578 1076 2662 μιγνόοιν
1096 2585 1163 2652 τοῖς
1183 2598 1252 2641 τοι-

152 2867 374 2937 praestantiorem
401 2875 481 2936 atqua
510 2869 699 2936 pretiosiorem
728 2867 840 2936 putabas
860 2865 926 2918 milti
954 2865 1122 2917 extrinsecus
1151 2860 1249 2917 alicrra

153 2938 255 3009 posse?
274 2939 345 3007 qnod
363 2938 437 2991 aliud
453 2939 650 3007 pulcherrimae
668 2938 814 3007 voluptatis
833 2939 1011 2991 adiumentum
1034 2935 1135 2988 nostris
1159 2947 1250 3002 popu.

153 3011 253 3064 laribus
273 3010 446 3063 orthodoxam
466 3011 510 3063 bic
527 3012 605 3064 iidem
623 3008 782 3065 tuentibus?
800 3012 846 3079 qui
867 3010 972 3078 quidem
992 3008 1081 3059 cuncti
1100 3005 1249 3059 veliemen-

155 3093 195 3135 ter
214 3082 324 3151 cupiant
342 3084 421 3147 scire,
441 3085 573 3151 quomodo
592 3093 682 3136 tantae
702 3081 870 3147 calamitatis,
890 3088 988 3148 quanta
1006 3081 1050 3133 dei
1069 3078 1186 3131 ecclesia
1205 3077 1250 3129 ai.

156 3157 226 3207 ilicta
245 3162 301 3219 est,
320 3154 390 3205 fama
409 3154 515 3206 illorum
536 3157 616 3207 animi
637 3156 725 3207 aliecti
745 3154 845 3206 luerint
870 3168 949 3222 quum
968 3153 1075 3219 scriptis
1093 3150 1251 3202 monstrosis

157 3228 185 3292 ii,
205 3227 251 3296 qui
271 3232 325 3276 tum
347 3226 562 3291 dominabantur,
582 3229 642 3296 pios
662 3226 782 3278 homines
802 3234 860 3277 toto
879 3223 945 3276 orbe
964 3231 1093 3275 terrarum
1122 3223 1150 3272 in
1176 3222 1252 3272 irau-
1301 3227 1304 3235 '

156 3300 211 3350 dem
236 3297 366 3349 inducere
396 3299 580 3351 coniterentur
606 3298 775 3365 omniumque
802 3298 957 3349 societatem
987 3302 1067 3363 atque
1093 3306 1252 3344 consensum

156 3370 228 3439 quasi
243 3376 381 3436 tropaeum
401 3370 529 3437 quoddam
549 3378 638 3423 tantae
659 3368 837 3437 improbitatis
855 3366 905 3420 sibi
925 3382 1019 3435 parare
1038 3363 1177 3417 ambitiose
1193 3370 1252 3415 stu-

155 3443 273 3494 derent.“
672 3442 682 3469 s

254 3530 331 3595 Quod
350 3546 428 3598 quum
449 3545 500 3599 ego
528 3531 673 3595 dixissem,
697 3530 899 3600 Agathangclus
923 3543 1073 3581 sermonem
1096 3525 1252 3591 excipiens:

158 3600 247 3669 ,mihi
267 3602 363 3669 inquit,
382 3602 478 3654 melius
498 3604 583 3655 visum
603 3611 653 3667 est,
674 3617 689 3653 o
709 3604 829 3655 divinum
851 3601 993 3669 caputiis
1017 3599 1070 3649 line
1090 3596 1168 3647 huius
1186 3610 1253 3646 nar.

158 3674 266 3725 rationis
285 3672 334 3723 illa
352 3674 463 3725 seorsim
483 3682 647 3741 pertractare
666 3683 747 3743 atque
767 3674 904 3741 persequi,
912 3668 1031 3738 ubinibil
1050 3682 1169 3736 prorsus,
1183 3666 1254 3735 quod

157 3762 198 3796 res
218 3744 383 3797 confundere
404 3754 484 3813 atque
505 3747 612 3798 turbare
630 3754 737 3813 posset,
757 3744 964 3798 subaudiendum
979 3749 1066 3804 csset;
1086 3754 1138 3808 qua
1147 3740 1254 3808 quidem

159 3819 184 3868 in
202 3832 232 3867 re
250 3818 290 3868 sic
309 3816 367 3868 lere
386 3816 543 3881 statuebam,
562 3816 700 3869 historiam
719 3815 900 3869 universalem
919 3822 946 3865 ct
964 3812 1122 3876 secularem,
1140 3819 1170 3861 ut
1188 3810 1253 3862 brc-

160 3890 226 3941 viter
245 3888 340 3963 dicam,
360 3886 468 3939 differre
480 3886 520 3938 ‘ab
543 3888 654 3941 historia
673 3887 858 3941 ecclesiastica
877 3894 904 3937 et
928 3886 1067 3953 utriusque
1090 3882 1253 3949 descriptio-

159 3976 216 4011 nem
235 3958 398 4027 peculiarem
419 3968 499 4027 atque
518 3969 666 4027 separatam
687 3976 762 4025 esse,
783 3968 922 4025 utramque
947 3958 1069 4010 diversas
1095 3955 1253 4023 plerumque

160 4047 210 4096 res,
228 4046 282 4084 non
303 4030 407 4082 easdem
427 4030 578 4098 complecti.
599 4048 678 4100 quum
695 4040 784 4083 autem
804 4038 832 4082 tu
851 4029 984 4097 duplicem
1000 4028 1118 4081 laborem
1129 4040 1177 4093 pro
1188 4026 1253 4077 sim-

161 4102 220 4169 plici
240 4104 267 4155 in
286 4110 314 4154 te
337 4103 474 4171 suscipere
498 4102 618 4156 volueris
638 4112 664 4154 et
683 4118 751 4170 quae
771 4101 864 4153 codem
883 4110 1004 4168 tempore
1021 4101 1049 4151 in
1067 4107 1181 4165 utroque
1202 4111 1254 4163 ge.

161 4190 221 4226 uere
240 4174 377 4238 eveniant,
396 4190 448 4225 una
466 4174 693 4242 comprehendere
712 4175 859 4241 scriptione
878 4173 1059 4234 constitueris,
1076 4185 1112 4222 ne
1132 4168 1254 4237 egoqui-

163 4245 217 4297 dem
234 4245 391 4313 ullopacto
409 4261 452 4297 res
475 4248 569 4298 eodem
594 4246 722 4315 temporis
747 4247 833 4315 spatio
858 4253 948 4315 gestas
973 4243 1134 4294 coniunctim
1158 4252 1254 4307 perse-

169 4319 208 4386 qui
227 4316 419 4383 dubitaverim,
447 4324 477 4370 ut
503 4318 548 4387 qui
570 4319 621 4372 ium
640 4326 719 4371 antea
740 4326 769 4370 nt
789 4332 882 4370 verum
900 4316 949 4370 tibi
968 4316 1062 4381 dicam,
1079 4328 1124 4367 res
1142 4312 1193 4363 ista
1209 4320 1256 4359 ras
