3184 5100
280 412 503 482 nonomen
530 411 789 487 armannus
808 415 900 483 xxa.
919 397 1107 487 te-tt.
1186 400 1257 488 dot

159 574 310 653 οἶνοιῑσιος
332 568 413 661 αὕτη
434 581 489 643 καί
502 575 656 665 διάφορος
676 579 829 665 ἐνέργεια.
872 581 927 645 καί
947 572 1015 661 ἅμα
1038 574 1156 667 δοοὶςῆ
1179 562 1261 648 πιέν-

159 702 225 742 ιων
246 678 333 762 ἀρχή
354 702 406 744 σοι
427 682 564 763 γίνεται,
590 680 625 746 τὸ
662 677 891 763 ἀτοπώτατον,
913 676 1028 766 ἑαυτῆς
1059 684 1260 769 διαφέρουσα

162 783 218 845 καί
237 774 464 867 αἰδιλοςὲαντῇ
483 788 661 868 μαχομένη.
694 783 763 846 ἀλλ’
788 780 805 845 ὅ
826 786 914 857 θεῖος
934 779 1086 864 Μάξιμος
1103 782 1162 848 “ov'
1182 788 1328 855 ooo-do

162 885 360 965 θεωρεῖσθαι
389 872 409 965 ἢ
438 878 913 968 σονεπιθεωρεῖσθαι,δύναταί
931 882 980 947 τι”
997 887 1091 968 *φησί
1111 882 1176 973 “aqi
1196 887 1262 973 θεῷ
1397 882 1404 901 ’

136 982 232 1045 duor’
258 980 372 1048 οὐσίαν
393 977 549 1066 διάφορον
570 986 604 1061 ἐξ
626 982 750 1069 αἰδιόυ,
774 983 831 1046 otia
856 982 951 1065 αἰών,
975 983 1014 1047 oo'
1038 982 1162 1068 χρόνος,
1187 986 1263 1051 οοίλέ

162 1106 192 1145 τι
214 1085 277 1145 τοῖν
300 1081 425 1157 τούτοις
446 1062 718 1162 ε’ἷιδιαιιωμὲνων·
763 1082 801 1146 οὗ
823 1080 884 1168 γάρ
908 1082 1140 1165 συμβαίνουσιν
1161 1086 1262 1169 α’λλη-

163 1188 230 1257 λοις
249 1181 374 1246 πώποτε
395 1177 431 1246 ro'
456 1185 571 1266 κυρίως
590 1177 672 1247 εἶναι
694 1187 749 1247 καί
762 1185 802 1246 ov'
816 1182 965 1269 ιιοριως”.
988 1183 1042 1247 καὶ
1062 1184 1158 1263 πάλιν
1167 1179 1261 1251 ἄπει.

163 1308 219 1368 ρον
241 1278 324 1348 εἶναι
354 1280 460 1347 δυάδα
494 1285 646 1364 ον’δαμοῖς
668 1285 851 1368 ἐνδέχεται·
900 1280 934 1348 αἱ
963 1286 1025 1369 γὰρ
1061 1290 1130 1350 κατ’
1162 1284 1262 1373 αὐτην

161 1381 298 1467 μονάδες
320 1382 472 1467 ἀλλήλαις
503 1385 580 1449 κατὰ
611 1387 792 1470 παράθεσιν
822 1381 1090 1471 σονοποὶρχονσαι
1122 1388 1261 1472 α’λληλιις

119 1485 334 1570 ΙΟὸριζονσιν,
386 1486 416 1548 εἰ
446 1486 613 1568 ditonico,
645 1487 717 1550 ov’d'
737 1480 897 1573 ἄναρχον·
949 1483 1033 1571 α’ρχη
1064 1485 1126 1573 γάρ
1159 1488 1262 1574 πάσης

162 1586 281 1662 δυάδος
302 1586 410 1668 μονάς.
464 1589 494 1652 εἰ
516 1589 551 1651 δὲ
571 1587 616 1672 μη
640 1581 800 1671 ἄναρχον,
833 1586 903 1651 oo’d'
927 1588 1087 1673 ot'nt'vqaoa·
1129 1598 1269 1678 κινεῖεαη

161 1687 223 1772 γὰρ
247 1690 292 1773 aqi
312 1688 443 1773 α’ριθμῷ
455 1690 489 1751 ἐκ
507 1686 656 1769 μονάδων
669 1693 744 1755 καθ’
761 1690 886 1771 ἕνωσιν,
898 1686 931 1753 τό
951 1691 986 1753 δὲ
998 1687 1182 1773 κινούμενον
1205 1692 1263 1753 ουίι

163 1786 248 1873 α’ρχη
272 1782 341 1853 ἀλλ’
361 1792 395 1867 ε”ξ
420 1787 542 1873 ἀρχῆς,
564 1787 684 1873 optat,
710 1792 769 1853 τοῦ
790 1793 959 1866 κινοῦντος.
1001 1790 1103 1871 μονοίς
1119 1794 1160 1857 ’δὲ
1180 1790 1262 1875 μόνη

161 1891 278 1973 κυρίως
308 1889 461 1973 α’κίνηιος.
505 1892 743 1981 πεπερασμέναι
763 1913 813 1953 σοι
841 1884 906 1974 ἄρα
935 1892 992 1955 καί
1016 1890 1069 1955 ὕπ’
1098 1890 1201 1975 ἀρχὴν
1228 1888 1263 1956 αἱ
1352 1945 1355 1955 ,

120 2008 154 2069 15
162 1986 335 2073 θεότητος,
364 1984 537 2074 ἄνθρωπε·
578 1992 634 2053 καί
647 1989 686 2052 ’σι’
705 1992 811 2074 τοῦτο,
841 1990 1034 2074 διαστήμασι
1065 1998 1204 2066 τοπικοῖς
1227 2014 1262 2056 τε

162 2093 219 2154 καί
237 2097 402 2173 χρονικοῖς
417 2089 675 2157 δεδουλεύκασιν.
708 2092 875 2171 κιίσμασιν
898 2081 961 2175 ἄρα
984 2092 1145 2174 λατρεύων
1166 2090 1261 2169 αὐτὸς

163 2189 338 2274 ἐλελήθεις.
393 2188 441 2255 ἔτι
471 2192 501 2255 εἰ
520 2188 598 2255 nard
633 2195 669 2257 σὲ
690 2189 798 2276 ἕτερον
831 2192 926 2257 ον’σιά
948 2192 1002 2256 καί
1020 2182 1127 2277 ἕτερον
1146 2190 1223 2268 θεὸς
1245 2186 1327 2257 ὄΗ

162 2288 220 2374 την
241 2292 354 2356 odoror
378 2287 461 2374 ἔχων
480 2290 536 2356 καὶ
556 2292 709 2378 διάφορος
729 2297 786 2375 τῆς
809 2294 925 2369 οἰκείοις
947 2294 1077 2375 οὐσίας,
1091 2290 1174 2359 ἔστιν
1198 2288 1262 2378 ὅρα
1319 2294 1325 2318 ’

162 2390 240 2467 θεὸς
262 2389 411 2467 οἷνούσιος
432 2396 488 2456 καί
509 2393 605 2458 ον’σία
628 2396 708 2458 θεοῦ
729 2388 833 2469 ἄθεος.
878 2397 960 2481 φησί
980 2396 1039 2479 γὰρ
1063 2394 1118 2459 κάἰ
1139 2394 1261 2462 &Nom
1333 2422 1338 2439 ν

119 2496 269 2579 ρρσαέων
292 2496 322 2558 Γ
319 2489 468 2580 ρηγὸριος
485 2494 537 2561 “sl
558 2495 593 2561 τὸ
617 2494 741 2579 οἷχαθὸν
764 2487 810 2578 ὅν,
834 2495 867 2561 ati
891 2494 1026 2583 πονηρὸν
1054 2496 1112 2562 οὐκ
1135 2488 1190 2562 ὅν·
1234 2498 1266 2562 εἰ

166 2595 202 2660 δὲ
224 2590 260 2658 τὸ
278 2591 413 2682 πονηρὸν
433 2584 485 2680 ὅν,
506 2596 543 2661 τὰ
568 2594 692 2682 α’γαθόν
714 2598 771 2662 ονίι
796 2588 843 2681 ὅν,
863 2593 943 2664 nord
976 2594 1031 2664 τόν
1049 2598 1112 2664 τῶν
1134 2599 1263 2680 α’μέσων

166 2910 281 2967 eundum
295 2917 335 2979 te,
353 2913 487 2968 essentiae
506 2919 547 2968 est
568 2927 664 2984 expers
678 2911 749 2985 qnod
763 2913 886 2980 habetur,
907 2913 973 2968 acsi
992 2911 1109 2968 essentia
1129 2921 1169 2968 est
1187 2911 1262 2980 deus,

164 2988 192 3038 id
211 2988 294 3055 igitur
313 2987 384 3054 quod
411 2987 526 3039 essentia
552 2996 626 3038 caret
651 3002 706 3038 non
735 2994 775 3038 est
793 2987 878 3051 deus,
905 2987 1051 3039 efficientia
1077 2987 1216 3052 nimirum,
1237 2994 1264 3037 et

165 3059 309 3111 coniuncta
328 3058 439 3111 ostiam
460 3074 566 3125 semper
589 3067 616 3110 et
636 3074 669 3109 ox
689 3059 759 3108 omni
778 3059 937 3109 aeternitate
955 3058 1063 3110 divinae
1084 3067 1110 3108 et
1128 3059 1263 3123 increatae

165 3130 300 3181 cosentiae
318 3128 386 3180 haee
406 3131 523 3181 essentia
542 3145 635 3181 carens
655 3137 681 3180 et
706 3130 815 3181 diversa
834 3129 989 3193 efficientia,
1007 3128 1140 3196 simulque
1159 3130 1263 3196 princi-

163 3203 239 3268 pium
256 3201 373 3251 omnium
391 3200 440 3251 tibi
459 3202 549 3252 evadit
567 3201 631 3267 dyas
651 3201 818 3267 ineptissime
837 3216 853 3251 a
871 3216 901 3252 se
926 3201 984 3266 ipsa
1002 3199 1128 3252 differens
1144 3209 1171 3251 et
1190 3215 1265 3264 semq

164 3287 214 3340 per
232 3286 322 3324 secum
341 3287 471 3340 pugnans.
509 3274 557 3324 sed
575 3274 702 3324 Maximus
723 3272 845 3335 divinus,
867 3285 922 3322 non
949 3278 1048 3337 potest,
1067 3271 1163 3338 inquit,
1185 3271 1263 3336 cogi.

163 3344 246 3394 tando
267 3343 323 3394 dari
348 3352 394 3394 aut
418 3342 526 3394 attribui
551 3345 693 3412 quidquam
713 3343 783 3407 deo,
804 3343 874 3410 quod
899 3343 933 3394 sit
951 3342 984 3392 ab
1004 3343 1062 3393 eius
1082 3342 1200 3394 essentia
1220 3343 1261 3392 di·

165 3430 283 3478 versum,
303 3430 337 3465 ex
356 3415 427 3465 omni
446 3416 605 3466 aeternitate
617 3430 671 3465 non
688 3430 793 3478 aevum,
812 3427 867 3465 non
886 3421 1000 3479 tempus,
1014 3425 1104 3480 neque
1118 3412 1260 3482 quidquam

166 3501 258 3536 eorum
277 3501 345 3554 quae
363 3487 392 3536 in
411 3485 453 3536 his
481 3494 638 3550 versantnr3
657 3501 745 3554 neque
771 3486 840 3536 enim
867 3485 1098 3536 accommodantur
1118 3483 1169 3534 sibi
1188 3483 1263 3535 invi.

165 3573 225 3608 cem
245 3571 360 3624 unquam
384 3558 412 3608 id
429 3557 500 3624 quod
518 3559 637 3626 proprie
661 3557 762 3625 aliquid
790 3564 831 3608 est
857 3565 884 3607 et
904 3557 974 3623 quod
995 3571 1049 3606 non
1078 3555 1197 3622 proprie.
1236 3562 1263 3606 et

164 3643 257 3680 rursus
274 3629 378 3679 infinita
399 3643 459 3678 esse
478 3628 543 3694 dyas
568 3628 742 3679 nullomodo
762 3635 864 3694 potest;
894 3627 1020 3678 monades
1040 3629 1156 3677 enimin
1176 3640 1209 3687 ea
1229 3641 1263 3676 ex

165 3701 367 3766 comparatione
397 3702 561 3764 compositae
589 3716 619 3750 se
644 3700 762 3751 invicem
790 3699 937 3750 definiunta
962 3698 1003 3749 sin
1031 3706 1119 3748 autem
1138 3697 1190 3748 hoc
1210 3703 1260 3762 est,

163 3785 219 3822 non
238 3778 279 3822 est
294 3770 344 3821 iila
361 3771 486 3837 principii
506 3787 621 3837 expers;
648 3771 806 3838 principium
833 3770 902 3820 enim
929 3769 1021 3835 dyadis
1040 3771 1126 3820 omnis
1146 3776 1186 3820 est
1203 3783 1264 3819 mo.

163 3857 224 3893 nas.
247 3842 341 3909 quodsi
359 3841 408 3892 iila
425 3855 479 3891 non
500 3851 541 3894 est
554 3843 681 3909 principii
701 3857 807 3908 expers,
828 3841 919 3891 eadem
939 3855 993 3890 non
1014 3849 1054 3892 est
1072 3841 1187 3892 immota.
1202 3853 1263 3891 mo.

164 3921 246 3965 vetur
266 3914 334 3963 enim
354 3928 465 3964 numero
479 3931 512 3966 cx
522 3913 677 3965 monadibus
698 3913 731 3963 ad
750 3912 986 3975 consociationem,
1006 3913 1077 3979 quod
1095 3919 1183 3962 autem
1202 3925 1262 3962 mo.

166 3992 247 4037 vetur
265 3999 320 4035 non
334 3993 375 4036 est
389 3986 560 4052 principium,
578 3985 625 4036 sed
638 3991 761 4037 movetur
777 3999 810 4034 ex
825 3983 958 4049 principio
988 3985 1111 4034 nimirum
1127 3990 1262 4036 movente.

164 4070 259 4107 monas
290 4063 378 4106 autem
405 4056 463 4107 sola
490 4057 599 4124 proprie
619 4063 659 4107 est
689 4057 806 4105 immota.
844 4053 980 4105 subiectae
1013 4056 1095 4123 igitur
1120 4055 1169 4106 tibi
1193 4059 1263 4118 suut,

165 4128 272 4189 amice,
301 4128 379 4177 etiam
401 4128 450 4179 sub
470 4129 629 4195 principium
650 4127 824 4192 divinitates,
856 4125 951 4192 quodsi
978 4124 1030 4176 hoc
1048 4133 1103 4190 est,
1132 4125 1263 4178 mensuris

165 4199 289 4250 locorum
312 4205 339 4248 et
358 4205 505 4266 temporum
524 4201 685 4263 inserviunt,
704 4205 794 4250 creata
819 4199 902 4265 igitur
927 4197 994 4249 coiis
1012 4197 1173 4264 imprudens.
1211 4198 1264 4247 iam

166 4284 234 4322 vere
257 4270 282 4321 si
301 4284 335 4320 ex
352 4277 398 4321 tua
416 4272 550 4323 sententia
568 4270 641 4322 aliud
661 4278 702 4322 est
720 4271 854 4333 essentia,
874 4269 946 4320 aliud
970 4271 1035 4327 deus
1055 4270 1100 4338 qui
1121 4267 1263 4320 essentiam

168 4341 252 4404 habet
270 4349 298 4397 et
315 4341 437 4397 diversus
457 4352 499 4398 est
515 4357 531 4396 a
548 4359 597 4398 sua
610 4344 695 4416 ipsius
716 4343 843 4415 essentia,
865 4349 906 4410 ost
917 4341 999 4414 igitur
1018 4341 1083 4396 deus
1100 4337 1262 4395 inessentia-v
