3184 5100
254 420 474 489 nrsronms
503 416 760 491 orusununn
776 429 930 497 xxxin
945 413 1134 503 att-su.
1193 428 1266 508 ooo

166 582 233 665 γήν.
276 583 381 667 τρίτον
404 585 439 648 ιλὲ
461 588 529 661 πῶς
560 584 658 651 πολύν
686 583 748 673 ήύη
767 589 887 674 χρόνον
911 595 1183 681 κατηγορούμενον
1214 602 1396 688 τὸνλλθόιιξ

166 681 325 765 Σκύρπιον
348 686 382 748 ἐν
414 684 530 767 ἀκμαῖς
558 687 608 751 ἀει
635 697 826 774 πρακτικαῖς
856 696 913 776 τῆς
940 696 1086 821 τοιαύτης
1113 698 1267 785 αἱρέσεως

167 776 270 859 εἶναι,
306 784 362 849 καί
384 790 543 851 πολλῶν
529 810 619 873 ερχογ
620 788 710 853 ιένων
733 792 930 877 γραμμάτων
957 798 992 859 ἐκ
1012 800 1074 861 τῶν
1093 802 1149 863 τού
1172 796 1268 887 ὄρους

165 884 279 964 τιμάων
296 884 422 1011 ἀνιλρρῖν
435 888 601 972 προδήλως
622 888 677 974 τήν
692 892 833 976 ἀρχαιάν
846 920 899 959 και
918 897 1085 983 μέχρινύν
1106 900 1267 967 ἀνθοῦσαν
1355 956 1359 971 ,

138 984 287 1048 5ἐκεύνοα
310 986 425 1050 κακιάν
444 990 685 1114 ἐξελεγχόντων,
710 991 805 1069 αύτύς
821 994 872 1059 ἀεὶ
895 996 1057 1119 περιέπων
1074 1001 1265 1087 ἐγκαρτερεῖ,

167 1082 339 1205 πρόμαχος
370 1081 495 1207 άμαχος
522 1090 628 1175 ἐκείνῳ
660 1092 744 1175 γενύγ
745 1116 825 1169 ιενος
846 1096 902 1159 και
925 1099 1089 1173 στύλος
1060 1108 1161 1164 ειπεϊν
1183 1100 1264 1165 ἀδα-

88 1178 92 1193 ’
163 1182 321 1264 μάντινος,
344 1209 397 1249 και
421 1188 534 1309 θαγμὰ
563 1192 665 1270 βοων,
687 1192 744 1256 και
764 1196 823 1277 γήν
846 1194 1019 1283 ἀναμιγνύς
1040 1198 1186 1287 ούρανηι,
1207 1204 1263 1267 καί

164 1281 246 1346 κατά
268 1284 339 1360 τούς
325 1287 573 1368 ςμαινομὲνους
592 1292 626 1355 τὸ
646 1296 703 1375 τῆς
718 1294 845 1380 γνιύμης
867 1295 1033 1379 ἱστάμενον
1054 1300 1263 1425 ἐλαρνύμενος

163 1385 220 1447 καὶ
241 1384 364 1459 πάντας
386 1385 565 1470 ἀναθὲματι
592 1396 709 1478 μακριύ
738 1394 986 1534 παραπέμπων,
1009 1398 1067 1479 ούχ
1091 1401 1124 1464 οἳ
1141 1400 1263 1478 τούτοις

118 1482 326 1605 ιοένέχοηται
346 1491 412 1559 τοῖς
441 1487 648 1608 ἐγκλήμασιν,
682 1492 750 1555 ἀλλ’
784 1494 818 1557 οἳ
845 1497 893 1580 τιύ
912 1498 1061 1585 Σκορπύρι
1085 1499 1259 1586 ἐνεχομένρι

162 1582 338 1706 προφέρειν
371 1582 471 1668 ἥκιστ’
508 1586 644 1653 ἀκνούσι.
696 1592 751 1657 καὶ
772 1593 921 1681 τέταρτον
941 1593 990 1659 ὅτι
1012 1622 1066 1705 κρι
1085 1599 1184 1685 μέχρι
1206 1602 1326 1664 νῦνΜ

162 1682 243 1767 ἀράν
266 1685 517 1769 ἰσχυριΗζεται
485 1712 538 1753 τον
542 1691 649 1771 μόνον
666 1690 922 1761 ἀναλλοιλοτύντε
937 1698 994 1761 uui
1015 1691 1159 1786 άκτιστον
1172 1699 1257 1778 θεάν,

162 1787 231 1868 φῶς
248 1784 358 1871 ἕτερόν
376 1809 409 1849 τε
431 1810 484 1851 και
510 1785 654 1859 ἀκτιστον
675 1794 709 1855 ἐκ
730 1798 909 1879 μεταβολῆς
931 1796 1011 1883 πρὸς
1030 1796 1065 1881 τύ
1087 1797 1267 1909 ἀφειμένον

158 1886 321 1971 γινόμενον
345 1886 431 1974 αύτιύ
452 1893 617 2012 τρυιγῶντι
639 1918 691 1958 και
714 1898 947 1984 βλακευομένω.
968 1902 1069 1963 ταῦτα
1085 1898 1123 1984 δή
1145 1874 1267 1979 πάντα,

115 1984 214 2065 15καί
234 1988 262 2049 εἰ
282 2012 313 2050 τι
334 1986 453 2052 τούτων
475 1990 629 2069 ἐπέκεινα,
652 1994 822 2078 προτάσεις
839 1999 927 2073 τινὰς
959 1998 1174 2073 ἐκτιθέντες’
1154 2023 1257 2083 αναμ-

160 2085 313 2171 φιβύλοος
335 2086 621 2175 ’ἀναμφισβήτητον
653 2091 695 2169 ὦς
732 2092 815 2169 εἰκὸς
843 2097 959 2181 ἐπῆγον
986 2098 1042 2161 καί
1069 2095 1104 2161 τύ
1130 2102 1256 2183 συμπέ-

159 2212 278 2271 ρασμα,
303 2190 383 2272 λέγω
419 2188 456 2273 δή
490 2190 524 2255 τὸ
549 2194 766 2258 Μασαλιανὸν
787 2192 945 2281 ύπάρχειν
979 2196 1075 2262 αύτύν
1096 2202 1128 2277 ἐξ
1152 2200 1255 2285 ἀρχῆς

157 2288 264 2353 τεκαί
283 2290 382 2375 μέχρι
399 2289 535 2377 τήμερον
553 2292 803 2379 ἀναμφιλεκτον·
828 2290 911 2360 εἶναι
931 2297 993 2384 γάρ
1015 2300 1140 2382 ἀξίωμα
1160 2303 1253 2365 τούτο
1329 2300 1338 2311 “

157 2386 259 2449 πάλαι
280 2390 429 2473 κυρωθὲν
449 2397 514 2466 τοῖς
533 2416 567 2455 τε
589 2393 734 2477 θύραθεν
756 2397 812 2459 καί
831 2394 996 2483 ἡμετέροις
1013 2402 1076 2462 ταῖν
1099 2399 1253 2463 διδασκά-

108 2496 146 2551 20
156 2492 229 2565 λων,
251 2490 283 2566 ἐξ
309 2488 437 2574 ἀληθῶν
459 2492 514 2557 καί
537 2493 779 2580 ἀναμφιλέκτων
799 2494 885 2583 ύρων
897 2499 952 2564 καί
971 2498 1154 2586 προτάσεως
1176 2498 1254 2584 ἀλη-

156 2590 212 2664 θὲς
235 2587 316 2672 ὁμοῦ
338 2592 393 2658 καί
422 2593 648 2680 ἀναντίρρητον
669 2599 701 2674 ἐξ
728 2597 864 2683 ἀνάγκης
893 2593 975 2664 εἶναι
994 2600 1104 2665 καὶτὸ
1127 2601 1251 2682 συμπέ-

156 2715 276 2776 ρασμα.
327 2693 381 2758 καί
411 2695 482 2774 τάχ’
508 2691 546 2758 άν
567 2697 717 2773 ἐξωθεῖτο
743 2701 799 2782 τῆς
829 2700 1035 2785 ἐπισκοπικής
1058 2700 1148 2778 ἀξιάς
1171 2701 1250 2777 τότε,
1262 2719 1317 2772 η

154 2791 183 2854 εἰ
201 2791 246 2876 μή
269 2794 370 2884 ιλειλίρι
392 2795 447 2859 καί
463 2795 551 2882 φύβιρ
567 2797 741 2878 συσχεθεὶς
760 2796 854 2875 αὐτὸς
873 2797 1105 2887 ὑπερβάλλοντι
1120 2799 1177 2884 τήν
1191 2799 1251 2881 μὲν
1384 2794 1387 2798 ⁴

152 3127 247 3190 putans
275 3135 307 3172 eo
332 3137 361 3174 se
379 3122 512 3190 refugium
535 3121 635 3174 habere
663 3122 696 3174 orl
723 3122 916 3174 defensionem.
959 3123 1038 3174 tertia
1063 3138 1152 3189 vero,
1178 3126 1249 3194 quod

153 3193 352 3258 Scorpionem
345 3207 395 3243 rum
416 3193 497 3259 longo
519 3209 551 3244 ex
569 3202 689 3260 tempore
707 3201 858 3244 accusatum
877 3194 923 3262 qui
941 3195 1038 3278 primas
1057 3210 1163 3260 semper
1183 3211 1249 3262 par-

152 3273 193 3316 tes
214 3267 240 3316 iu
264 3265 384 3315 haeresi
389 3263 437 3314 illa
459 3272 615 3329 exerceret,
640 3273 666 3316 et
693 3266 721 3316 iu
740 3281 818 3331 quem
838 3266 920 3316 molta
939 3266 1038 3328 scripta
1058 3265 1167 3350 vulgato
1186 3274 1248 3318 suut

153 3337 253 3388 avinis
274 3337 301 3386 in
320 3343 409 3385 monte
430 3335 593 3400 praeclaris,
624 3351 692 3403 quae
721 3335 808 3402 palam
831 3344 858 3387 ct
875 3335 961 3387 adbuc
981 3336 1101 3387 lloreutis
1122 3338 1249 3404 impieta.

152 3408 186 3458 tis
207 3421 264 3458 eum
284 3407 475 3470 convicerunt,
506 3407 565 3473 ipse
584 3421 688 3473 semper
716 3408 835 3476 protegit
855 3415 881 3458 et
901 3408 995 3457 incitat
1018 3415 1047 3458 ut
1064 3416 1248 3474 propugnator

153 3478 195 3528 cui
214 3477 265 3542 ipsi
286 3493 339 3528 noa
358 3478 542 3545 impugnatur,
569 3484 596 3527 et
616 3485 645 3530 ut
666 3477 789 3528 columna
813 3477 997 3541 adamantiuap
1014 3479 1084 3544 quod
1106 3480 1182 3530 vocis
1200 3486 1247 3529 tu.

151 3547 260 3598 multum
283 3549 337 3599 edit
366 3557 393 3599 et
413 3555 509 3600 terram
529 3547 607 3600 coelo
639 3551 794 3600 commiscet
820 3556 847 3600 et
874 3563 949 3599 more
972 3549 1125 3600 insanorum
1149 3550 1245 3600 mentis

151 3617 320 3670 stabilitatem
339 3627 430 3670 serrat
452 3627 479 3670 et
497 3619 573 3688 gravi
592 3621 777 3671 exsecratione
799 3619 954 3687 omnesqui
973 3620 1044 3670 omui
1064 3621 1173 3670 crimine
1194 3635 1246 3672 va·

152 3691 195 3742 cui
214 3697 274 3740 suut
296 3691 454 3741 condemnat
473 3698 626 3756 propterea¹
641 3691 710 3759 quod
730 3691 903 3756 Scorpionem
921 3705 1049 3742 accusare
1069 3692 1244 3742 nontiment.

151 3767 242 3826 quarta
261 3760 394 3828 denique,
426 3763 495 3829 quod
523 3762 644 3814 adhunc
674 3763 742 3814 diem
765 3760 993 3828 comprehendere
1018 3777 1048 3812 se
1076 3761 1142 3813 dicit
1158 3761 1245 3813 solum

149 3830 339 3882 immutabilem
358 3840 384 3882 et
402 3832 548 3884 increatum
573 3834 666 3898 deum,
686 3833 777 3884 lumen
796 3832 908 3884 alterum
928 3833 1137 3896 etiamtiam,
1163 3841 1193 3885 ut
1211 3848 1244 3883 ex

149 3899 324 3952 translatione
349 3903 381 3953 ad
406 3901 565 3956 subiectum
584 3869 733 3973 proie’ctum
760 3903 888 3955 insolenti
912 3901 953 3953 illi
982 3910 1009 3953 et
1028 3904 1153 3955 dementi.
1202 3903 1244 3954 bis

149 3986 215 4022 vero
236 3980 262 4024 et
279 3971 366 4023 aliis'
359 3989 468 4040 insuper
486 3981 611 4040 tanquam
632 3974 859 4040 propositionibus
888 3973 1000 4039 prolatis
1020 3975 1128 4025 minime
1131 3973 1243 4037 dubiis,

148 4051 177 4093 ut
196 4051 401 4094 consentaneum
432 4051 472 4095 est
503 4045 703 4096 conclusionem
729 4059 784 4095 uon
813 4043 918 4095 dubiam
944 4044 1117 4108 adiecerunt,
1136 4044 1244 4095 scilicet

147 4115 214 4164 citro
239 4115 448 4164 controversiam
476 4130 551 4180 esse,
574 4131 631 4166 cum
652 4113 685 4165 ob
705 4115 781 4166 initio
812 4122 840 4165 et
857 4115 891 4166 ad
916 4115 943 4166 id
961 4122 1065 4180 tempus
1083 4114 1243 4168 blasaliunso

147 4185 253 4236 bocresi
271 4185 402 4235 addictum
419 4185 511 4243 luisse.
534 4186 601 4236 *boc
621 4187 691 4236 euim
703 4187 808 4236 axioma
829 4184 909 4237 valde
927 4185 1065 4252 probatum
1085 4193 1172 4237 estet
1193 4199 1243 4234 ex.

145 4257 229 4307 ternis
249 4262 276 4306 et
293 4257 402 4320 nostris,
415 4257 559 4323 magistris,
579 4273 594 4306 e
609 4258 681 4308 veris
699 4264 725 4308 et
742 4271 796 4307 ιιοιι
810 4255 942 4323 ambiguis
954 4256 1179 4323 propositionibus
1191 4269 1243 4305 ve.

144 4341 200 4398 ram
218 4334 246 4378 et
264 4326 416 4379 evidentem
434 4327 634 4380 conclusionem
652 4328 808 4382 necessario
827 4328 966 4396 consequi.
986 4327 1155 4397 quamobrem
1173 4327 1243 4376 torto

237 4421 402 4494 Niospbom
420 4423 530 4494 (inpos.
555 4421 611 4477 rot.
631 4422 687 4480 111.
1011 4423 1046 4478 35
1078 4445 1081 4448 ·
