3184 5100
293 419 515 487 nrsnonraa
547 398 807 486 armarium:
831 395 924 486 xxx.
946 403 1072 487 1-3.
1182 412 1255 486 σοι

250 579 434 668 'Apameia
455 580 617 651 εἰωθότων
639 585 695 668 τῆς
725 587 866 668 κεφαλῆς
887 579 1073 668 νοσημάτων
1095 580 1204 667 βραχύ
1226 594 1294 655 aa!

158 682 365 770 π’νενεγκόυτοι
391 685 448 750 τόν
469 686 500 749 Γ
499 686 637 767 ρηγοριῖν
663 675 718 768 ἧκε
748 686 853 750 καλῶν
887 687 921 749 ἐκ
943 687 1098 765 βασιλέως
1120 678 1136 746 ό
1158 686 1258 767 μίγας

157 792 326 872 λογοθίτης
347 782 537 870 ὁτουδήποτε
553 786 678 849 εἵνεκα·
721 786 776 848 καί
788 782 896 869 ἐπειδὴ
917 782 1180 877 παρακρούεσθαι
1190 782 1258 848 ιούιι

156 892 240 973 ἐνῆν,
264 885 403 963 άναστάς
431 885 544 974 α’πῄει,
583 888 637 949 καί
659 881 727 967 όίμα
749 883 884 979 εἱπόμην
916 885 1011 961 ούτός
1034 884 1256 967 ἀκουσόμενος.

129 980 236 1055 θ’νδ

156 1016 225 1172 θοός
245 1086 261 1153 ό
280 1093 311 1154 Γ
309 1093 467 1175 ρηγοροῖς,
497 1092 552 1153 καί
581 1085 639 1174 την
662 1091 818 1153 εἰωθυῖαν
838 1088 1051 1164 άπούεδωκιός
1071 1092 1113 1176 τῷ
1133 1093 1264 1170 βασιλεῖ

156 1190 349 1276 πρόσρησιν,
369 1186 437 1256 εἶτα
460 1192 620 1257 ἐκάθισεν.
641 1190 734 1274 ἔτυχε
754 1194 784 1255 d’
812 1189 915 1267 εύθός
937 1193 1005 1255 ε’κεῖ
1022 1193 1075 1255 καί
1095 1186 1111 1253 ό
1138 1195 1259 1255 Πολι·

154 1296 220 1375 μοῖς
238 1291 423 1372 συνεισιοόν,
446 1292 504 1355 oda
526 1286 587 1357 οἶδ’
609 1288 775 1375 ὁπότερον,
797 1290 862 1357 εἴτε
887 1295 921 1357 ἐκ
941 1293 1138 1375 προθεσμίας
1160 1289 1258 1354 πάλαι

155 1397 383 1477 μελετηθείσης
414 1390 549 1479 ἔφεδρος
580 1397 648 1459 ἐκεῖ
667 1416 729 1456 που
752 1392 882 1478 πυράν,
913 1390 967 1458 εἴτ’
991 1391 1052 1457 α’πό
1075 1394 1192 1477 τύχης,
1215 1390 1257 1467 τίς

113 1494 253 1560 rosinae
272 1498 417 1577 γίνεσθαι
449 1492 488 1559 τά
512 1494 611 1560 πολλά
636 1498 698 1559 τῶν
720 1496 755 1561 ἐν
775 1491 883 1583 κόσμερ
904 1492 1107 1577 πραγμάτων.
1162 1488 1197 1568 ός
1217 1490 1255 1577 θη

157 1594 213 1659 καί
234 1594 272 1668 τά
296 1600 471 1679 παλαιγενῆ
480 1600 674 1681 προπετῶς,
704 1596 760 1661 καί
784 1588 843 1661 όσα
867 1590 967 1681 λη’θης
1000 1598 1127 1680 μακράς
1155 1620 1257 1660 συνα-

156 1696 331 1781 πήχθηοαυ
353 1696 511 1783 ῥεύμασι,
539 1700 674 1787 μηδαμῇ
704 1700 742 1787 τῇ
762 1699 910 1785 παρούση
944 1697 1146 1781 προσήκοντα.
1163 1702 1257 1785 χρείρ

156 1795 382 1880 προύισλαβάιν
412 1796 467 1863 καί
491 1796 773 1884 τερατευσάμενος,
795 1798 838 1874 σός
861 1796 989 1879 είοόθει,
1018 1800 1073 1861 καί
1093 1792 1154 1862 ὅσα
1177 1794 1256 1881 πρός

157 1895 287 1962 ἔπαινον
308 1898 623 1982 ἕγκαλλοσπισάμενος
643 1898 765 1965 ἑαυτοῦ·
779 1905 857 1984 περί
866 1884 907 1965 ’τε
927 1904 983 1985 τῆς
1006 1901 1039 1965 ἐν
1056 1897 1161 1989 λαύρρι
1183 1900 1257 1963 θια-

114 2000 266 2084 15τριβῆς
295 2004 349 2064 καί
385 2004 442 2086 τῆς
463 2000 544 2087 πρός
566 2002 730 2085 Βαρλαάμ
751 2006 936 2088 όιοιλὲξεως,
967 2004 1022 2065 καί
1041 1998 1192 2067 τοιούτων
1215 1998 1255 2085 dr}

157 2103 250 2165 τιυύτ
269 2099 327 2177 τός
345 2106 409 2167 sads
430 2102 680 2185 παρατυχόντων
698 2100 907 2188 ἐμπεπληκώς
932 2100 1044 2188 οἷκοάς,
1074 2102 1129 2167 καί
1151 2101 1257 2180 δείξας

157 2197 257 2265 οἱονεί
273 2203 588 2284 προβεβγυλευμίυον
609 2196 690 2268 εἶναι
712 2204 768 2268 καί
788 2207 955 2286 ἐπίβουλον
984 2200 1040 2268 τόν
1062 2202 1179 2268 σκοπόν
1201 2205 1257 2287 τῆς

156 2304 331 2384 τηνικαῦτα
351 2301 453 2367 αύτού
473 2326 508 2387 γε
536 2306 707 2389 ἐπιδημίας
730 2303 809 2388 πρός
832 2303 1042 2390 ἐπιδεικτικὴν
1065 2306 1257 2391 φαντασίαν,

156 2395 226 2465 είτα
251 2405 386 2486 ἐσίγησε.
429 2403 484 2468 καί
503 2405 555 2468 ἵνα
577 2406 637 2469 τοίν
654 2411 741 2495 με’σρι
764 2412 935 2491 παρέλθω,
958 2405 1011 2471 καί
1032 2399 1092 2471 όσοι
1115 2413 1179 2481 τοϊς
1199 2404 1292 2486 ἔμω

112 2507 300 2586 sonnoque
320 2506 501 2589 άυαγκαίοις
523 2508 665 2591 γίγνοιντ’
688 2499 728 2572 όν
746 2510 915 2592 ἐμποδών,
933 2506 1013 2592 πρός
1036 2505 1070 2574 τό
1093 2506 1257 2589 α’προσύό-

157 2627 248 2690 κητον
269 2610 378 2672 tonsol·
409 2611 465 2673 καί
484 2612 646 2695 αίφυίύιον
672 2610 980 2696 προοιμιασάμενος,
1003 2609 1057 2676 κοί
1078 2611 1258 2695 προδιαλε-

156 2706 225 2790 dada
245 2703 308 2774 όσα
328 2708 420 2792 εἰκός,
444 2715 500 2776 καί
528 2709 545 2775 ό
565 2714 596 2776 Γ
595 2715 731 2800 ρηγορός
753 2707 802 2778 ότι
833 2707 873 2779 όίν
899 2716 954 2778 καί
962 2779 965 2785 ,
987 2709 1067 2796 πρός
1088 2711 1189 2776 αύτοό
1209 2708 1257 2796 εἴη
1268 2723 1287 2778 i.
1301 2723 1351 2780 1³2
1360 2737 1389 2782 a.

259 2991 336 3056 Quae
355 3000 443 3045 autem
460 3001 608 3046 memoratu
626 2995 750 3063 digniora
770 3002 834 3047 aunt
846 3003 873 3047 et
891 3011 960 3064 quaa
978 2996 1144 3063 potissimum
1166 2997 1259 3050 audias

157 3077 273 3115 necesse
296 3071 346 3129 est,
367 3080 398 3116 ea
417 3067 500 3134 igitur
518 3066 639 3118 breviter
657 3075 685 3117 et
706 3069 852 3118 summatim
871 3065 920 3118 tibi
940 3067 1159 3119 commemorabo.
1187 3068 1256 3121 Gre.

157 3149 318 3203 gornacum
337 3138 415 3189 modo
435 3153 468 3189 ex
487 3139 624 3190 consuetis
650 3139 744 3204 capitis
763 3137 900 3190 doloribus
919 3139 992 3190 vires
1024 3153 1166 3205 parumper
1181 3140 1258 3191 refe.

157 3208 256 3270 πίτυσι,
282 3207 443 3262 invitaturus
462 3225 521 3261 eum
547 3209 580 3261 ab
607 3211 769 3277 imperatore
792 3210 889 3262 missus
917 3217 957 3262 eat
984 3225 1094 3278 magnus
1118 3209 1258 3278 logotheta

157 3292 318 3347 quacunque
338 3281 371 3332 de
390 3296 484 3333 causa:
507 3283 578 3352 qnod
597 3298 656 3333 cum
675 3297 805 3334 excusare
829 3295 883 3332 non
903 3290 1011 3349 posset,
1030 3297 1173 3352 assurgens
1192 3282 1258 3334 abiit

160 3358 188 3401 et
205 3350 343 3404 auditurus
364 3368 422 3403 enm
441 3354 500 3420 ipse
519 3362 647 3422 sequutus
666 3369 732 3406 snm.
775 3368 864 3405 serum
890 3355 940 3404 iam
962 3355 1015 3407 diei
1035 3361 1092 3404 erat
1110 3361 1170 3421 post
1191 3353 1257 3404 solis

156 3435 291 3472 occasum.
336 3439 368 3476 ac
393 3424 527 3493 Gregoras
546 3427 650 3494 quidem
680 3442 738 3476 cum
757 3425 911 3478 advenisset
937 3434 964 3477 et
991 3425 1095 3477 solitam
1115 3425 1146 3476 ad
1165 3439 1256 3492 regem

157 3492 350 3545 allocutionem
370 3498 560 3564 expedivisset,
580 3502 664 3567 (tum)
684 3498 816 3549 consedit.
850 3497 918 3548 forte
939 3505 1026 3549 antem
1046 3497 1151 3549 fortuna
1169 3497 1257 3549 statim
1370 3521 1376 3526 -

107 3607 113 3619 .
155 3565 194 3616 ibi
213 3566 293 3616 etiam
312 3565 431 3620 Palamas
457 3570 535 3621 simul
555 3571 674 3634 introiit,
694 3571 806 3633 nescio,
825 3577 911 3620 utrum
931 3577 1040 3637 propter
1064 3569 1133 3620 diem
1152 3568 1257 3620 iamdu-

155 3638 218 3689 dum
237 3638 408 3690 constitutam
427 3641 597 3693 insidiaturus
615 3641 653 3692 ibi
673 3643 789 3705 adesset,
809 3655 842 3692 an
862 3657 935 3705 caan,
954 3649 983 3692 ut
1001 3641 1148 3710 pleraeque
1165 3656 1209 3693 rea
1229 3639 1257 3691 in

153 3717 227 3760 terra
248 3717 342 3776 gestae
361 3711 420 3762 lieri
437 3708 535 3765 solent.
563 3714 609 3781 qni
630 3729 689 3764 curn
702 3715 791 3780 prisca
808 3713 989 3780 imprudenter
1008 3723 1117 3782 atquae
1136 3711 1257 3764 oblivio.

153 3781 197 3832 nis
217 3779 366 3847 profundae
397 3782 548 3836 fluminibus
573 3784 684 3852 abrepta
706 3793 815 3849 essent,
839 3783 915 3835 nullo
943 3787 1021 3838 modo
1039 3785 1204 3852 pertinentia
1223 3787 1256 3840 ad
1289 3801 1294 3808 ·

155 3866 305 3916 emtam,
331 3854 364 3904 de
390 3871 442 3923 qua
472 3865 527 3907 tum
548 3857 691 3924 agebatur,
718 3856 875 3922 protulisset
904 3864 930 3907 et
955 3856 1085 3925 gloriatus
1110 3865 1190 3924 esset,
1210 3860 1256 3926 qui

154 3931 214 3975 erat
233 3924 290 3975 eins
309 3939 376 3989 mos,
396 3929 473 3979 etad
492 3927 596 3979 landem
624 3943 698 3979 snam
715 3928 797 3979 multa
826 3930 859 3982 de
878 3944 910 3980 aa
933 3928 1081 3996 gloriosius
1100 3930 1256 3998 praedicas.

153 4005 206 4059 set,
227 4003 254 4046 et
274 3999 507 4050 commorationem
526 4001 554 4050 ln
579 3992 732 4052 monastero
759 4000 853 4052 laetam
879 4008 905 4051 ct
925 3999 1091 4069 colloquium
1110 4017 1169 4051 cnm
1186 3999 1256 4053 liar.

153 4067 244 4119 laamo
264 4068 413 4120 institutum
436 4079 463 4121 et
479 4071 543 4122 talia
565 4071 640 4137 lere,
667 4079 807 4139 postquam
826 4087 904 4124 aures
924 4087 1034 4138 eorum,
1065 4074 1183 4142 quitum
1206 4074 1256 4125 ad.
1306 4097 1311 4104 ·

155 4146 242 4203 erant,
263 4133 387 4205 implevit
406 4150 432 4193 et
451 4149 574 4212 tanquam
587 4145 735 4196 iamdudum
748 4145 927 4211 excogitatum
947 4153 973 4195 et
986 4145 1143 4197 insidiosum
1162 4151 1256 4196 osten.

154 4212 194 4262 dit
213 4210 355 4262 consilium
373 4215 503 4267 adventus
524 4217 565 4267 sni
583 4216 703 4286 gloriosa
721 4215 833 4284 quadam
851 4216 1014 4268 iactationea
1034 4217 1171 4268 conticuit.
1214 4223 1257 4266 at.

156 4297 211 4350 que
231 4289 349 4350 atquae
367 4285 526 4354 interposita
552 4298 614 4341 sunt
641 4290 758 4340 omittam
786 4295 813 4338 et
832 4301 1007 4356 quaeeunque
1031 4297 1109 4339 antea
1127 4301 1256 4338 necessa-

144 4355 207 4408 ‘rils
226 4353 344 4419 obstant,
364 4357 397 4410 ad
415 4358 482 4411 baec
502 4359 686 4430 lnsxspectata
714 4368 742 4411 ct
760 4357 952 4429 extemporalia
977 4359 1157 4431 presentatus
1174 4371 1256 4424 prae-
