<?xml version="1.0" encoding="UTF-8"?>
<!DOCTYPE html PUBLIC "-//W3C//DTD XHTML 1.0 Transitional//EN"
    "http://www.w3.org/TR/xhtml1/DTD/xhtml1-transitional.dtd">
<html xmlns="http://www.w3.org/1999/xhtml" xml:lang="en" lang="en">
 <head>
  <title>
</title>
<meta http-equiv="Content-Type" content="text/html;charset=utf-8" />
  <meta name='ocr-system' content='tesseract 3.04.00' />
  <meta name='ocr-capabilities' content='ocr_page ocr_carea ocr_par ocr_line ocrx_word'/>
</head>
<body>
  <div class='ocr_page' id='page_1' title='image "./nicephorigregor04schogoog_0384.png"; bbox 0 0 3184 5100; ppageno 0'>
   <div class='ocr_carea' id='block_1_1' title="bbox 303 400 1277 488">
    <p class='ocr_par' dir='ltr' id='par_1_1' title="bbox 303 400 1277 488">
     <span class='ocr_line' id='line_1_1' title="bbox 303 400 1277 488; baseline -0.004 -1"><span class='ocrx_word' id='word_1_1' title='bbox 303 412 528 488; x_wconf 81' lang='lat' dir='ltr'>ursrouriu</span> <span class='ocrx_word' id='word_1_2' title='bbox 549 412 810 483; x_wconf 74' lang='lat' dir='ltr'>nmuuuan</span> <span class='ocrx_word' id='word_1_3' title='bbox 827 415 934 484; x_wconf 81' lang='lat' dir='ltr'>xxxi.</span> <span class='ocrx_word' id='word_1_4' title='bbox 956 400 1144 484; x_wconf 73' lang='lat'><strong>38-38.</strong></span> <span class='ocrx_word' id='word_1_5' title='bbox 1203 410 1277 485; x_wconf 82' lang='lat'>373</span> 
     </span>
    </p>
   </div>
   <div class='ocr_carea' id='block_1_2' title="bbox 112 574 1406 2892">
    <p class='ocr_par' dir='ltr' id='par_1_2' title="bbox 112 574 1406 2892">
     <span class='ocr_line' id='line_1_2' title="bbox 176 574 1277 669; baseline -0.005 -24"><span class='ocrx_word' id='word_1_6' title='bbox 176 578 302 645; x_wconf 69' lang='lat' dir='ltr'>sciscito</span> <span class='ocrx_word' id='word_1_7' title='bbox 323 583 368 669; x_wconf 79' lang='grc' dir='ltr'>τρῖ</span> <span class='ocrx_word' id='word_1_8' title='bbox 386 580 525 664; x_wconf 77' lang='grc' dir='ltr'><strong><em>ἐφεξῆς,</em></strong></span> <span class='ocrx_word' id='word_1_9' title='bbox 555 577 610 642; x_wconf 78' lang='grc' dir='ltr'>καί</span> <span class='ocrx_word' id='word_1_10' title='bbox 629 576 682 642; x_wconf 84' lang='grc' dir='ltr'>διά</span> <span class='ocrx_word' id='word_1_11' title='bbox 704 576 833 643; x_wconf 85' lang='grc' dir='ltr'><strong><em>πάντων</em></strong></span> <span class='ocrx_word' id='word_1_12' title='bbox 861 576 880 661; x_wconf 78' lang='grc' dir='ltr'><em>ἢ</em></span> <span class='ocrx_word' id='word_1_13' title='bbox 903 580 960 660; x_wconf 75' lang='grc' dir='ltr'>τῆς</span> <span class='ocrx_word' id='word_1_14' title='bbox 983 575 1177 654; x_wconf 70' lang='grc' dir='ltr'><strong><em>α’κολοοθιας</em></strong></span> <span class='ocrx_word' id='word_1_15' title='bbox 1195 574 1277 642; x_wconf 88' lang='grc' dir='ltr'><strong><em>ταά-</em></strong></span> 
     </span>
     <span class='ocr_line' id='line_1_3' title="bbox 177 671 1279 764; baseline -0.004 -19"><span class='ocrx_word' id='word_1_16' title='bbox 177 702 233 763; x_wconf 98' lang='grc' dir='ltr'>της</span> <span class='ocrx_word' id='word_1_17' title='bbox 253 676 356 764; x_wconf 86' lang='grc' dir='ltr'><strong><em>πλάνη</em></strong></span> <span class='ocrx_word' id='word_1_18' title='bbox 382 674 645 764; x_wconf 77' lang='grc' dir='ltr'><strong><em>διενεχδήσεται,</em></strong></span> <span class='ocrx_word' id='word_1_19' title='bbox 668 682 723 764; x_wconf 78' lang='grc' dir='ltr'>τῆς</span> <span class='ocrx_word' id='word_1_20' title='bbox 757 680 882 762; x_wconf 75' lang='grc' dir='ltr'><strong><em>πρώτης</em></strong></span> <span class='ocrx_word' id='word_1_21' title='bbox 908 671 1031 761; x_wconf 90' lang='grc' dir='ltr'><strong><em>άπάτης</em></strong></span> <span class='ocrx_word' id='word_1_22' title='bbox 1053 675 1105 742; x_wconf 90' lang='grc' dir='ltr'>διά</span> <span class='ocrx_word' id='word_1_23' title='bbox 1129 681 1193 743; x_wconf 79' lang='grc' dir='ltr'><strong><em>τάν</em></strong></span> <span class='ocrx_word' id='word_1_24' title='bbox 1214 702 1279 741; x_wconf 88' lang='grc' dir='ltr'>πα-</span> 
     </span>
     <span class='ocr_line' id='line_1_4' title="bbox 178 772 1373 863; baseline -0.003 -18"><span class='ocrx_word' id='word_1_25' title='bbox 178 785 373 862; x_wconf 71' lang='grc' dir='ltr'><strong><em>ρακειμένων</em></strong></span> <span class='ocrx_word' id='word_1_26' title='bbox 394 785 492 863; x_wconf 80' lang='grc' dir='ltr'><strong><em>μέχρι</em></strong></span> <span class='ocrx_word' id='word_1_27' title='bbox 515 784 578 853; x_wconf 68' lang='grc' dir='ltr'><strong><em>τοῖν</em></strong></span> <span class='ocrx_word' id='word_1_28' title='bbox 597 777 743 863; x_wconf 75' lang='grc' dir='ltr'><strong><em>ἐσχάτων</em></strong></span> <span class='ocrx_word' id='word_1_29' title='bbox 762 774 959 863; x_wconf 85' lang='grc' dir='ltr'><strong><em>διεξιοόσης·</em></strong></span> <span class='ocrx_word' id='word_1_30' title='bbox 1011 774 1080 845; x_wconf 84' lang='grc' dir='ltr'><strong><em>εἶτα</em></strong></span> <span class='ocrx_word' id='word_1_31' title='bbox 1102 779 1145 851; x_wconf 69' lang='grc' dir='ltr'>οἷς</span> <span class='ocrx_word' id='word_1_32' title='bbox 1170 772 1211 843; x_wconf 73' lang='lat' dir='ltr'>dr</span> <span class='ocrx_word' id='word_1_33' title='bbox 1231 775 1276 861; x_wconf 79' lang='grc' dir='ltr'>μη</span> <span class='ocrx_word' id='word_1_34' title='bbox 1370 779 1373 783; x_wconf 69' lang='grc'><strong>’</strong></span> 
     </span>
     <span class='ocr_line' id='line_1_5' title="bbox 176 873 1406 968; baseline -0.008 -20"><span class='ocrx_word' id='word_1_35' title='bbox 176 884 280 962; x_wconf 74' lang='grc' dir='ltr'><strong><em>τοῦτο,</em></strong></span> <span class='ocrx_word' id='word_1_36' title='bbox 303 887 393 968; x_wconf 84' lang='grc' dir='ltr'><strong><em>φησί,</em></strong></span> <span class='ocrx_word' id='word_1_37' title='bbox 413 882 569 964; x_wconf 71' lang='grc' dir='ltr'><strong><em>πάθοιμεν</em></strong></span> <span class='ocrx_word' id='word_1_38' title='bbox 591 881 646 946; x_wconf 79' lang='grc' dir='ltr'>καί</span> <span class='ocrx_word' id='word_1_39' title='bbox 665 881 756 966; x_wconf 69' lang='grc' dir='ltr'><strong><em>η’μείς</em></strong></span> <span class='ocrx_word' id='word_1_40' title='bbox 779 879 810 945; x_wconf 78' lang='grc' dir='ltr'>οἱ</span> <span class='ocrx_word' id='word_1_41' title='bbox 837 881 917 963; x_wconf 87' lang='grc' dir='ltr'><strong><em>πρός</em></strong></span> <span class='ocrx_word' id='word_1_42' title='bbox 947 877 1004 964; x_wconf 75' lang='grc' dir='ltr'><strong><em>την</em></strong></span> <span class='ocrx_word' id='word_1_43' title='bbox 1025 878 1181 964; x_wconf 77' lang='grc' dir='ltr'><strong><em>α’ληδινην</em></strong></span> <span class='ocrx_word' id='word_1_44' title='bbox 1201 873 1406 944; x_wconf 62' lang='grc' dir='ltr'><strong><em>θεά-λῦσε.</em></strong></span> 
     </span>
     <span class='ocr_line' id='line_1_6' title="bbox 149 978 1279 1069; baseline -0.004 -20"><span class='ocrx_word' id='word_1_45' title='bbox 149 998 254 1068; x_wconf 88' lang='grc' dir='ltr'><strong><em>5τητα</em></strong></span> <span class='ocrx_word' id='word_1_46' title='bbox 272 983 400 1067; x_wconf 72' lang='grc' dir='ltr'><strong><em>βλέπειν</em></strong></span> <span class='ocrx_word' id='word_1_47' title='bbox 421 983 508 1067; x_wconf 89' lang='grc' dir='ltr'><strong><em>παρά</em></strong></span> <span class='ocrx_word' id='word_1_48' title='bbox 528 986 581 1067; x_wconf 70' lang='grc' dir='ltr'>τῆς</span> <span class='ocrx_word' id='word_1_49' title='bbox 603 986 730 1069; x_wconf 80' lang='grc' dir='ltr'><strong><em>γραφῆς</em></strong></span> <span class='ocrx_word' id='word_1_50' title='bbox 751 978 991 1067; x_wconf 75' lang='grc' dir='ltr'><strong><em>διδασκόμενοι,</em></strong></span> <span class='ocrx_word' id='word_1_51' title='bbox 1014 984 1077 1044; x_wconf 85' lang='grc' dir='ltr'><strong><em>πάν</em></strong></span> <span class='ocrx_word' id='word_1_52' title='bbox 1098 980 1132 1045; x_wconf 82' lang='grc' dir='ltr'>τό</span> <span class='ocrx_word' id='word_1_53' title='bbox 1155 979 1279 1046; x_wconf 87' lang='grc' dir='ltr'><strong><em>κτιστόν</em></strong></span> 
     </span>
     <span class='ocr_line' id='line_1_7' title="bbox 176 1080 1280 1171; baseline -0.004 -22"><span class='ocrx_word' id='word_1_54' title='bbox 176 1080 238 1162; x_wconf 70' lang='grc' dir='ltr'>ἔξω</span> <span class='ocrx_word' id='word_1_55' title='bbox 258 1086 314 1168; x_wconf 79' lang='grc' dir='ltr'>τῆς</span> <span class='ocrx_word' id='word_1_56' title='bbox 339 1086 431 1159; x_wconf 77' lang='grc' dir='ltr'><strong><em>θείας</em></strong></span> <span class='ocrx_word' id='word_1_57' title='bbox 467 1083 597 1171; x_wconf 79' lang='grc' dir='ltr'><strong><em>φάσεως</em></strong></span> <span class='ocrx_word' id='word_1_58' title='bbox 631 1092 712 1149; x_wconf 77' lang='grc' dir='ltr'><strong><em>νοεῖν</em></strong></span> <span class='ocrx_word' id='word_1_59' title='bbox 744 1082 1004 1167; x_wconf 70' lang='grc' dir='ltr'><strong><em>ἐπαιδεύθημεν,</em></strong></span> <span class='ocrx_word' id='word_1_60' title='bbox 1036 1084 1136 1166; x_wconf 90' lang='grc' dir='ltr'><strong><em>μόνην</em></strong></span> <span class='ocrx_word' id='word_1_61' title='bbox 1164 1084 1200 1146; x_wconf 74' lang='grc' dir='ltr'>δὲ</span> <span class='ocrx_word' id='word_1_62' title='bbox 1221 1081 1280 1162; x_wconf 76' lang='grc' dir='ltr'><strong><em>την</em></strong></span> 
     </span>
     <span class='ocr_line' id='line_1_8' title="bbox 178 1171 1277 1271; baseline -0.005 -22"><span class='ocrx_word' id='word_1_63' title='bbox 178 1178 327 1249; x_wconf 74' lang='grc' dir='ltr'><strong><em>οἴκτιστον</em></strong></span> <span class='ocrx_word' id='word_1_64' title='bbox 362 1185 460 1271; x_wconf 83' lang='grc' dir='ltr'><strong><em>φάσιν</em></strong></span> <span class='ocrx_word' id='word_1_65' title='bbox 488 1184 653 1269; x_wconf 74' lang='grc' dir='ltr'><strong><em>λατρεύειν</em></strong></span> <span class='ocrx_word' id='word_1_66' title='bbox 672 1208 706 1249; x_wconf 87' lang='grc' dir='ltr'>τε</span> <span class='ocrx_word' id='word_1_67' title='bbox 729 1187 783 1249; x_wconf 83' lang='grc' dir='ltr'>καί</span> <span class='ocrx_word' id='word_1_68' title='bbox 804 1181 1023 1265; x_wconf 77' lang='grc' dir='ltr'><strong><em>σεβάζεοθαι,</em></strong></span> <span class='ocrx_word' id='word_1_69' title='bbox 1054 1171 1092 1267; x_wconf 73' lang='grc' dir='ltr'>ἦς</span> <span class='ocrx_word' id='word_1_70' title='bbox 1113 1178 1277 1267; x_wconf 75' lang='grc' dir='ltr'><strong><em>χαρακτήρ</em></strong></span> 
     </span>
     <span class='ocr_line' id='line_1_9' title="bbox 176 1278 1279 1372; baseline -0.004 -23"><span class='ocrx_word' id='word_1_71' title='bbox 176 1287 245 1349; x_wconf 76' lang='grc' dir='ltr'><strong><em>ἐστι</em></strong></span> <span class='ocrx_word' id='word_1_72' title='bbox 267 1288 322 1350; x_wconf 84' lang='grc' dir='ltr'>καί</span> <span class='ocrx_word' id='word_1_73' title='bbox 349 1284 513 1372; x_wconf 77' lang='grc' dir='ltr'><strong><em>γνοόρισμα</em></strong></span> <span class='ocrx_word' id='word_1_74' title='bbox 542 1285 578 1350; x_wconf 85' lang='grc' dir='ltr'>τὸ</span> <span class='ocrx_word' id='word_1_75' title='bbox 607 1286 685 1370; x_wconf 70' lang='grc' dir='ltr'><strong><em>μήτε</em></strong></span> <span class='ocrx_word' id='word_1_76' title='bbox 709 1278 871 1368; x_wconf 77' lang='grc' dir='ltr'><strong><em>άρχεσθαι</em></strong></span> <span class='ocrx_word' id='word_1_77' title='bbox 902 1287 960 1350; x_wconf 78' lang='grc' dir='ltr'>τοῦ</span> <span class='ocrx_word' id='word_1_78' title='bbox 992 1278 1079 1349; x_wconf 85' lang='grc' dir='ltr'><strong><em>εἶναι’</em></strong></span> <span class='ocrx_word' id='word_1_79' title='bbox 1107 1306 1180 1353; x_wconf 80' lang='grc' dir='ltr'><strong><em>ποτε</em></strong></span> <span class='ocrx_word' id='word_1_80' title='bbox 1200 1278 1279 1365; x_wconf 70' lang='grc' dir='ltr'><strong><em>μήτε</em></strong></span> 
     </span>
     <span class='ocr_line' id='line_1_10' title="bbox 175 1385 349 1455; baseline -0.006 -2"><span class='ocrx_word' id='word_1_81' title='bbox 175 1385 349 1455; x_wconf 71' lang='grc' dir='ltr'><strong><em>παύεσθαι.</em></strong></span> 
     </span>
     <span class='ocr_line' id='line_1_11' title="bbox 132 1476 1351 1579; baseline -0.004 -25"><span class='ocrx_word' id='word_1_82' title='bbox 132 1508 168 1564; x_wconf 83' lang='lat'>10</span> <span class='ocrx_word' id='word_1_83' title='bbox 270 1484 418 1579; x_wconf 85' lang='grc' dir='ltr'><strong><em>Ὁράς</em></strong></span> <span class='ocrx_word' id='word_1_84' title='bbox 386 1511 419 1552; x_wconf 91' lang='grc' dir='ltr'>το</span> <span class='ocrx_word' id='word_1_85' title='bbox 443 1490 505 1553; x_wconf 69' lang='grc' dir='ltr'><strong><em>τοῖν</em></strong></span> <span class='ocrx_word' id='word_1_86' title='bbox 526 1492 666 1573; x_wconf 87' lang='grc' dir='ltr'><strong><em>πατρίων</em></strong></span> <span class='ocrx_word' id='word_1_87' title='bbox 692 1490 823 1567; x_wconf 78' lang='grc' dir='ltr'><strong><em>θεσμων</em></strong></span> <span class='ocrx_word' id='word_1_88' title='bbox 849 1486 903 1553; x_wconf 85' lang='grc' dir='ltr'><strong><em>καί</em></strong></span> <span class='ocrx_word' id='word_1_89' title='bbox 924 1485 1050 1574; x_wconf 78' lang='grc' dir='ltr'><strong><em>ῥήσεων</em></strong></span> <span class='ocrx_word' id='word_1_90' title='bbox 1070 1486 1280 1570; x_wconf 77' lang='grc' dir='ltr'><strong><em>αναμφισβη-</em></strong></span> <span class='ocrx_word' id='word_1_91' title='bbox 1290 1476 1351 1550; x_wconf 74' lang='lat'>80</span> 
     </span>
     <span class='ocr_line' id='line_1_12' title="bbox 112 1582 1280 1713; baseline -0.001 -60"><span class='ocrx_word' id='word_1_92' title='bbox 112 1588 130 1643; x_wconf 63' lang='lat' dir='ltr'>l</span> <span class='ocrx_word' id='word_1_93' title='bbox 177 1585 273 1671; x_wconf 86' lang='grc' dir='ltr'><strong><em>τητόν</em></strong></span> <span class='ocrx_word' id='word_1_94' title='bbox 293 1613 326 1655; x_wconf 89' lang='grc' dir='ltr'>τε</span> <span class='ocrx_word' id='word_1_95' title='bbox 344 1614 397 1655; x_wconf 90' lang='grc' dir='ltr'>και</span> <span class='ocrx_word' id='word_1_96' title='bbox 421 1592 688 1673; x_wconf 73' lang='grc' dir='ltr'><strong><em>δυσαντίβλεπτον</em></strong></span> <span class='ocrx_word' id='word_1_97' title='bbox 706 1586 788 1672; x_wconf 90' lang='grc' dir='ltr'><strong><em>μετά</em></strong></span> <span class='ocrx_word' id='word_1_98' title='bbox 813 1587 916 1673; x_wconf 89' lang='grc' dir='ltr'><strong><em>πάσης</em></strong></span> <span class='ocrx_word' id='word_1_99' title='bbox 939 1582 1158 1713; x_wconf 78' lang='grc' dir='ltr'><strong><em>εδκρινείας“</em></strong></span> <span class='ocrx_word' id='word_1_100' title='bbox 1136 1614 1205 1669; x_wconf 90' lang='grc' dir='ltr'>αμα</span> <span class='ocrx_word' id='word_1_101' title='bbox 1226 1612 1280 1652; x_wconf 91' lang='grc' dir='ltr'>και</span> 
     </span>
     <span class='ocr_line' id='line_1_13' title="bbox 178 1683 1280 1776; baseline -0.002 -23"><span class='ocrx_word' id='word_1_102' title='bbox 178 1690 399 1776; x_wconf 74' lang='grc' dir='ltr'><strong><em>καθαρότητος</em></strong></span> <span class='ocrx_word' id='word_1_103' title='bbox 421 1688 548 1775; x_wconf 69' lang='grc' dir='ltr'><strong><em>προϊόνς</em></strong></span> <span class='ocrx_word' id='word_1_104' title='bbox 568 1690 669 1776; x_wconf 89' lang='grc' dir='ltr'><strong><em>μόνην</em></strong></span> <span class='ocrx_word' id='word_1_105' title='bbox 688 1690 749 1775; x_wconf 80' lang='grc' dir='ltr'>γάρ</span> <span class='ocrx_word' id='word_1_106' title='bbox 772 1688 830 1775; x_wconf 74' lang='grc' dir='ltr'><strong><em>την</em></strong></span> <span class='ocrx_word' id='word_1_107' title='bbox 857 1694 949 1755; x_wconf 75' lang='grc' dir='ltr'><strong><em>θείαν</em></strong></span> <span class='ocrx_word' id='word_1_108' title='bbox 972 1689 1086 1755; x_wconf 80' lang='grc' dir='ltr'><strong><em>σόσίαν</em></strong></span> <span class='ocrx_word' id='word_1_109' title='bbox 1106 1693 1161 1754; x_wconf 85' lang='grc' dir='ltr'>καί</span> <span class='ocrx_word' id='word_1_110' title='bbox 1181 1683 1280 1775; x_wconf 80' lang='grc' dir='ltr'><strong><em>φάσιν</em></strong></span> 
     </span>
     <span class='ocr_line' id='line_1_14' title="bbox 178 1785 1282 1881; baseline 0.001 -28"><span class='ocrx_word' id='word_1_111' title='bbox 178 1788 344 1871; x_wconf 79' lang='grc' dir='ltr'><strong><em>λατρεάειν</em></strong></span> <span class='ocrx_word' id='word_1_112' title='bbox 363 1815 397 1857; x_wconf 88' lang='grc' dir='ltr'>τε</span> <span class='ocrx_word' id='word_1_113' title='bbox 432 1816 485 1856; x_wconf 88' lang='grc' dir='ltr'>και</span> <span class='ocrx_word' id='word_1_114' title='bbox 513 1796 667 1881; x_wconf 58' lang='grc' dir='ltr'><strong><em>σέβεσθαι</em></strong></span> <span class='ocrx_word' id='word_1_115' title='bbox 696 1798 867 1875; x_wconf 79' lang='grc' dir='ltr'><strong><em>παραινεῖ·</em></strong></span> <span class='ocrx_word' id='word_1_116' title='bbox 919 1785 992 1854; x_wconf 89' lang='grc' dir='ltr'>αδ’</span> <span class='ocrx_word' id='word_1_117' title='bbox 1015 1786 1148 1853; x_wconf 87' lang='grc' dir='ltr'><strong><em>άνοόσιά</em></strong></span> <span class='ocrx_word' id='word_1_118' title='bbox 1170 1812 1203 1854; x_wconf 91' lang='grc' dir='ltr'>τε</span> <span class='ocrx_word' id='word_1_119' title='bbox 1226 1792 1282 1854; x_wconf 79' lang='grc' dir='ltr'>καί</span> 
     </span>
     <span class='ocr_line' id='line_1_15' title="bbox 178 1887 1336 1981; baseline -0.002 -26"><span class='ocrx_word' id='word_1_120' title='bbox 178 1888 279 1957; x_wconf 87' lang='grc' dir='ltr'><strong><em>πολλά</em></strong></span> <span class='ocrx_word' id='word_1_121' title='bbox 310 1890 366 1957; x_wconf 79' lang='grc' dir='ltr'>καί</span> <span class='ocrx_word' id='word_1_122' title='bbox 395 1897 452 1977; x_wconf 79' lang='grc' dir='ltr'>τῆς</span> <span class='ocrx_word' id='word_1_123' title='bbox 472 1896 562 1971; x_wconf 78' lang='grc' dir='ltr'><strong><em>θείας</em></strong></span> <span class='ocrx_word' id='word_1_124' title='bbox 593 1892 721 1981; x_wconf 83' lang='grc' dir='ltr'><strong><em>φάσεως</em></strong></span> <span class='ocrx_word' id='word_1_125' title='bbox 743 1894 850 1969; x_wconf 85' lang='grc' dir='ltr'><strong><em>ε’κτός,</em></strong></span> <span class='ocrx_word' id='word_1_126' title='bbox 881 1887 1003 1957; x_wconf 77' lang='grc' dir='ltr'><strong><em>τούτων</em></strong></span> <span class='ocrx_word' id='word_1_127' title='bbox 1034 1891 1128 1956; x_wconf 84' lang='grc' dir='ltr'><strong><em>ον’δὲν</em></strong></span> <span class='ocrx_word' id='word_1_128' title='bbox 1152 1891 1280 1979; x_wconf 77' lang='grc' dir='ltr'><strong><em>οδδαμῇ</em></strong></span> <span class='ocrx_word' id='word_1_129' title='bbox 1328 1928 1336 1937; x_wconf 39' lang='lat' dir='ltr'><em>t</em></span> 
     </span>
     <span class='ocr_line' id='line_1_16' title="bbox 133 1989 1281 2079; baseline -0.006 -17"><span class='ocrx_word' id='word_1_130' title='bbox 133 1992 255 2075; x_wconf 78' lang='grc' dir='ltr'><strong><em>15μὴτε</em></strong></span> <span class='ocrx_word' id='word_1_131' title='bbox 276 2004 464 2076; x_wconf 77' lang='grc' dir='ltr'><strong><em>προσκυνεῖν</em></strong></span> <span class='ocrx_word' id='word_1_132' title='bbox 485 1995 565 2079; x_wconf 73' lang='grc' dir='ltr'><strong><em>μήτε</em></strong></span> <span class='ocrx_word' id='word_1_133' title='bbox 586 1998 750 2078; x_wconf 76' lang='grc' dir='ltr'><strong><em>σέβεσθαι.</em></strong></span> <span class='ocrx_word' id='word_1_134' title='bbox 800 1996 935 2075; x_wconf 70' lang='grc' dir='ltr'><strong><em>πολέμια</em></strong></span> <span class='ocrx_word' id='word_1_135' title='bbox 962 1989 1023 2075; x_wconf 79' lang='grc' dir='ltr'>γάρ</span> <span class='ocrx_word' id='word_1_136' title='bbox 1049 1992 1197 2076; x_wconf 70' lang='grc' dir='ltr'><strong><em>ἀλλήλοις</em></strong></span> <span class='ocrx_word' id='word_1_137' title='bbox 1225 1996 1281 2055; x_wconf 80' lang='grc' dir='ltr'>καί</span> 
     </span>
     <span class='ocr_line' id='line_1_17' title="bbox 176 2090 1279 2185; baseline -0.002 -27"><span class='ocrx_word' id='word_1_138' title='bbox 176 2090 262 2159; x_wconf 81' lang='grc' dir='ltr'><strong><em>πάνυ</em></strong></span> <span class='ocrx_word' id='word_1_139' title='bbox 295 2096 466 2179; x_wconf 77' lang='grc' dir='ltr'><strong><em>μαχόμενα</em></strong></span> <span class='ocrx_word' id='word_1_140' title='bbox 500 2101 545 2183; x_wconf 78' lang='grc' dir='ltr'>τῷ</span> <span class='ocrx_word' id='word_1_141' title='bbox 569 2119 608 2161; x_wconf 77' lang='grc' dir='ltr'>’τε</span> <span class='ocrx_word' id='word_1_142' title='bbox 641 2091 728 2185; x_wconf 78' lang='grc' dir='ltr'><strong><em>μόνην</em></strong></span> <span class='ocrx_word' id='word_1_143' title='bbox 754 2093 793 2159; x_wconf 88' lang='grc' dir='ltr'>τά</span> <span class='ocrx_word' id='word_1_144' title='bbox 828 2090 927 2159; x_wconf 83' lang='grc' dir='ltr'><strong><em>πολλά</em></strong></span> <span class='ocrx_word' id='word_1_145' title='bbox 962 2090 1018 2157; x_wconf 80' lang='grc' dir='ltr'>καί</span> <span class='ocrx_word' id='word_1_146' title='bbox 1045 2095 1083 2180; x_wconf 80' lang='grc' dir='ltr'>τῇ</span> <span class='ocrx_word' id='word_1_147' title='bbox 1114 2091 1208 2180; x_wconf 80' lang='grc' dir='ltr'><strong><em>οόσίρι</em></strong></span> <span class='ocrx_word' id='word_1_148' title='bbox 1240 2091 1279 2157; x_wconf 88' lang='grc' dir='ltr'>τά</span> 
     </span>
     <span class='ocr_line' id='line_1_18' title="bbox 175 2188 1280 2284; baseline -0.002 -25"><span class='ocrx_word' id='word_1_149' title='bbox 175 2190 323 2261; x_wconf 83' lang='grc' dir='ltr'><strong><em>α’νοόσια.</em></strong></span> <span class='ocrx_word' id='word_1_150' title='bbox 367 2200 456 2262; x_wconf 76' lang='lat' dir='ltr'>dcciv</span> <span class='ocrx_word' id='word_1_151' title='bbox 479 2188 541 2281; x_wconf 73' lang='grc' dir='ltr'>γάρ</span> <span class='ocrx_word' id='word_1_152' title='bbox 565 2194 685 2280; x_wconf 76' lang='grc' dir='ltr'><strong><em>ἀνάγκη</em></strong></span> <span class='ocrx_word' id='word_1_153' title='bbox 716 2195 917 2280; x_wconf 71' lang='grc' dir='ltr'><strong><em>περιπίπτειν</em></strong></span> <span class='ocrx_word' id='word_1_154' title='bbox 937 2197 1073 2284; x_wconf 71' lang='grc' dir='ltr'><strong><em>θατέρᾳ,</em></strong></span> <span class='ocrx_word' id='word_1_155' title='bbox 1108 2188 1130 2278; x_wconf 72' lang='grc' dir='ltr'><em>ἢ</em></span> <span class='ocrx_word' id='word_1_156' title='bbox 1161 2197 1199 2280; x_wconf 78' lang='grc' dir='ltr'>τῇ</span> <span class='ocrx_word' id='word_1_157' title='bbox 1218 2195 1280 2258; x_wconf 79' lang='grc' dir='ltr'><strong><em>τάν</em></strong></span> 
     </span>
     <span class='ocr_line' id='line_1_19' title="bbox 175 2292 1280 2388; baseline -0.002 -27"><span class='ocrx_word' id='word_1_158' title='bbox 175 2296 300 2378; x_wconf 76' lang='grc' dir='ltr'><strong><em>α’σεβῶν</em></strong></span> <span class='ocrx_word' id='word_1_159' title='bbox 324 2292 420 2388; x_wconf 79' lang='grc' dir='ltr'><strong><em>άθεΐη</em></strong></span> <span class='ocrx_word' id='word_1_160' title='bbox 451 2292 547 2381; x_wconf 78' lang='grc' dir='ltr'><strong><em>ἢκαί</em></strong></span> <span class='ocrx_word' id='word_1_161' title='bbox 566 2301 606 2383; x_wconf 79' lang='grc' dir='ltr'>τῇ</span> <span class='ocrx_word' id='word_1_162' title='bbox 636 2300 691 2383; x_wconf 79' lang='grc' dir='ltr'>τῆς</span> <span class='ocrx_word' id='word_1_163' title='bbox 707 2295 1058 2381; x_wconf 65' lang='grc' dir='ltr'><strong><em>Ἑλλήνων“πολοδεΐας</em></strong></span> <span class='ocrx_word' id='word_1_164' title='bbox 1087 2297 1280 2381; x_wconf 61' lang='lat' dir='ltr'>dardanico</span> 
     </span>
     <span class='ocr_line' id='line_1_20' title="bbox 174 2392 1278 2487; baseline -0.002 -26"><span class='ocrx_word' id='word_1_165' title='bbox 174 2401 285 2487; x_wconf 72' lang='grc' dir='ltr'><strong><em>κακίᾳ,</em></strong></span> <span class='ocrx_word' id='word_1_166' title='bbox 302 2396 421 2479; x_wconf 83' lang='grc' dir='ltr'><strong><em>μεταξό</em></strong></span> <span class='ocrx_word' id='word_1_167' title='bbox 455 2404 600 2483; x_wconf 74' lang='grc' dir='ltr'><strong><em>κειμένην</em></strong></span> <span class='ocrx_word' id='word_1_168' title='bbox 630 2400 888 2482; x_wconf 80' lang='grc' dir='ltr'><strong><em>παρατρέχοντας</em></strong></span> <span class='ocrx_word' id='word_1_169' title='bbox 914 2392 972 2479; x_wconf 78' lang='grc' dir='ltr'><strong><em>την</em></strong></span> <span class='ocrx_word' id='word_1_170' title='bbox 1003 2398 1179 2483; x_wconf 67' lang='grc' dir='ltr'><strong><em>εόσὲβειαν.</em></strong></span> <span class='ocrx_word' id='word_1_171' title='bbox 1234 2394 1278 2470; x_wconf 73' lang='grc' dir='ltr'>ὥς</span> 
     </span>
     <span class='ocr_line' id='line_1_21' title="bbox 130 2493 1278 2587; baseline -0.001 -26"><span class='ocrx_word' id='word_1_172' title='bbox 130 2495 232 2577; x_wconf 67' lang='lat' dir='ltr'>poscet*</span> <span class='ocrx_word' id='word_1_173' title='bbox 262 2502 356 2566; x_wconf 77' lang='lat' dir='ltr'>torino</span> <span class='ocrx_word' id='word_1_174' title='bbox 383 2500 533 2577; x_wconf 76' lang='grc' dir='ltr'><strong><em>πολλάκις</em></strong></span> <span class='ocrx_word' id='word_1_175' title='bbox 564 2496 640 2587; x_wconf 77' lang='grc' dir='ltr'><strong><em>ἡμῖν</em></strong></span> <span class='ocrx_word' id='word_1_176' title='bbox 673 2493 822 2582; x_wconf 84' lang='grc' dir='ltr'><strong><em>άνωτὲρω</em></strong></span> <span class='ocrx_word' id='word_1_177' title='bbox 857 2503 911 2565; x_wconf 84' lang='grc' dir='ltr'>καί</span> <span class='ocrx_word' id='word_1_178' title='bbox 942 2501 1080 2584; x_wconf 67' lang='grc' dir='ltr'><strong><em>διαρκεῖς</em></strong></span> <span class='ocrx_word' id='word_1_179' title='bbox 1106 2499 1278 2563; x_wconf 78' lang='grc' dir='ltr'><strong><em>α’ποδόδει-</em></strong></span> 
     </span>
     <span class='ocr_line' id='line_1_22' title="bbox 175 2595 1279 2686; baseline 0.001 -23"><span class='ocrx_word' id='word_1_180' title='bbox 175 2623 261 2681; x_wconf 89' lang='grc' dir='ltr'><strong><em>κται,</em></strong></span> <span class='ocrx_word' id='word_1_181' title='bbox 282 2599 339 2684; x_wconf 72' lang='grc' dir='ltr'><strong><em>τὴν</em></strong></span> <span class='ocrx_word' id='word_1_182' title='bbox 361 2604 421 2684; x_wconf 77' lang='grc' dir='ltr'><strong><em>μὲν</em></strong></span> <span class='ocrx_word' id='word_1_183' title='bbox 442 2603 504 2667; x_wconf 79' lang='grc' dir='ltr'><strong><em>τάν</em></strong></span> <span class='ocrx_word' id='word_1_184' title='bbox 523 2600 678 2686; x_wconf 80' lang='grc' dir='ltr'><strong><em>Ἑλλήνων</em></strong></span> <span class='ocrx_word' id='word_1_185' title='bbox 692 2603 812 2686; x_wconf 73' lang='grc' dir='ltr'><strong><em>δηλαδὴ</em></strong></span> <span class='ocrx_word' id='word_1_186' title='bbox 832 2595 1008 2665; x_wconf 76' lang='grc' dir='ltr'><strong><em>πολοθεΐαν</em></strong></span> <span class='ocrx_word' id='word_1_187' title='bbox 1027 2596 1155 2685; x_wconf 77' lang='grc' dir='ltr'><strong><em>βραχύν</em></strong></span> <span class='ocrx_word' id='word_1_188' title='bbox 1167 2621 1201 2663; x_wconf 93' lang='grc' dir='ltr'>τε</span> <span class='ocrx_word' id='word_1_189' title='bbox 1223 2601 1279 2664; x_wconf 83' lang='grc' dir='ltr'>καί</span> 
     </span>
     <span class='ocr_line' id='line_1_23' title="bbox 175 2693 1278 2787; baseline -0.003 -21"><span class='ocrx_word' id='word_1_190' title='bbox 175 2698 234 2766; x_wconf 70' lang='lat' dir='ltr'>orla</span> <span class='ocrx_word' id='word_1_191' title='bbox 257 2693 389 2786; x_wconf 86' lang='grc' dir='ltr'><strong><em>άπειρον</em></strong></span> <span class='ocrx_word' id='word_1_192' title='bbox 409 2700 465 2768; x_wconf 90' lang='grc' dir='ltr'><strong><em>τόν</em></strong></span> <span class='ocrx_word' id='word_1_193' title='bbox 500 2702 642 2787; x_wconf 76' lang='grc' dir='ltr'><strong><em>άριθμὸν</em></strong></span> <span class='ocrx_word' id='word_1_194' title='bbox 664 2704 902 2787; x_wconf 73' lang='grc' dir='ltr'><strong><em>κεκληρῶσθαι,</em></strong></span> <span class='ocrx_word' id='word_1_195' title='bbox 921 2701 980 2786; x_wconf 77' lang='grc' dir='ltr'><strong><em>την</em></strong></span> <span class='ocrx_word' id='word_1_196' title='bbox 1001 2703 1037 2766; x_wconf 77' lang='grc' dir='ltr'>δὲ</span> <span class='ocrx_word' id='word_1_197' title='bbox 1054 2704 1111 2766; x_wconf 75' lang='grc' dir='ltr'>τοῦ</span> <span class='ocrx_word' id='word_1_198' title='bbox 1132 2699 1278 2781; x_wconf 83' lang='grc' dir='ltr'><strong><em>Παλομά</em></strong></span> 
     </span>
     <span class='ocr_line' id='line_1_24' title="bbox 173 2793 1279 2892; baseline -0.005 -24"><span class='ocrx_word' id='word_1_199' title='bbox 173 2801 276 2887; x_wconf 75' lang='grc' dir='ltr'><strong><em>πέρας</em></strong></span> <span class='ocrx_word' id='word_1_200' title='bbox 311 2797 416 2888; x_wconf 75' lang='grc' dir='ltr'><strong><em>εόρεδν</em></strong></span> <span class='ocrx_word' id='word_1_201' title='bbox 449 2803 577 2892; x_wconf 80' lang='grc' dir='ltr'><strong><em>ον’δαμῇ</em></strong></span> <span class='ocrx_word' id='word_1_202' title='bbox 608 2806 704 2884; x_wconf 75' lang='grc' dir='ltr'><strong><em>ποτέ,</em></strong></span> <span class='ocrx_word' id='word_1_203' title='bbox 727 2801 788 2868; x_wconf 72' lang='lat' dir='ltr'>onix</span> <span class='ocrx_word' id='word_1_204' title='bbox 816 2795 877 2867; x_wconf 79' lang='grc' dir='ltr'><strong><em>οἶδ’</em></strong></span> <span class='ocrx_word' id='word_1_205' title='bbox 908 2800 1058 2887; x_wconf 78' lang='grc' dir='ltr'><strong><em>ὁπότερον</em></strong></span> <span class='ocrx_word' id='word_1_206' title='bbox 1085 2799 1208 2882; x_wconf 86' lang='grc' dir='ltr'><strong><em>εἴποιμι</em></strong></span> <span class='ocrx_word' id='word_1_207' title='bbox 1238 2793 1279 2864; x_wconf 87' lang='grc' dir='ltr'><strong><em>άν</em></strong></span> 
     </span>
    </p>
   </div>
   <div class='ocr_carea' id='block_1_3' title="bbox 174 3149 1321 3564">
    <p class='ocr_par' dir='ltr' id='par_1_3' title="bbox 174 3149 1321 3564">
     <span class='ocr_line' id='line_1_25' title="bbox 177 3149 1321 3223; baseline 0.004 -18"><span class='ocrx_word' id='word_1_208' title='bbox 177 3166 255 3205; x_wconf 86' lang='lat' dir='ltr'>error</span> <span class='ocrx_word' id='word_1_209' title='bbox 274 3149 450 3220; x_wconf 79' lang='lat' dir='ltr'>permanebit,</span> <span class='ocrx_word' id='word_1_210' title='bbox 463 3167 550 3220; x_wconf 74' lang='lat' dir='ltr'>quum</span> <span class='ocrx_word' id='word_1_211' title='bbox 569 3153 654 3220; x_wconf 88' lang='lat' dir='ltr'>prima</span> <span class='ocrx_word' id='word_1_212' title='bbox 673 3152 746 3205; x_wconf 84' lang='lat' dir='ltr'>lraur</span> <span class='ocrx_word' id='word_1_213' title='bbox 766 3153 829 3205; x_wconf 88' lang='lat' dir='ltr'>iude</span> <span class='ocrx_word' id='word_1_214' title='bbox 847 3167 897 3221; x_wconf 89' lang='lat' dir='ltr'>per</span> <span class='ocrx_word' id='word_1_215' title='bbox 907 3169 1056 3223; x_wconf 79' lang='lat' dir='ltr'>propinqua</span> <span class='ocrx_word' id='word_1_216' title='bbox 1071 3170 1157 3223; x_wconf 90' lang='lat' dir='ltr'>usque</span> <span class='ocrx_word' id='word_1_217' title='bbox 1177 3158 1209 3209; x_wconf 84' lang='lat' dir='ltr'>ad</span> <span class='ocrx_word' id='word_1_218' title='bbox 1229 3173 1282 3209; x_wconf 84' lang='lat' dir='ltr'>ex.</span> <span class='ocrx_word' id='word_1_219' title='bbox 1315 3209 1321 3217; x_wconf 17' lang='grc' dir='ltr'>κ</span> 
     </span>
     <span class='ocr_line' id='line_1_26' title="bbox 175 3222 1278 3293; baseline 0.004 -17"><span class='ocrx_word' id='word_1_220' title='bbox 175 3233 264 3276; x_wconf 84' lang='lat' dir='ltr'>trema</span> <span class='ocrx_word' id='word_1_221' title='bbox 282 3230 411 3290; x_wconf 84' lang='lat' dir='ltr'>permeat.</span> <span class='ocrx_word' id='word_1_222' title='bbox 450 3223 522 3287; x_wconf 86' lang='lat' dir='ltr'>dein,</span> <span class='ocrx_word' id='word_1_223' title='bbox 542 3222 604 3288; x_wconf 86' lang='lat' dir='ltr'>hcc,</span> <span class='ocrx_word' id='word_1_224' title='bbox 626 3225 722 3293; x_wconf 87' lang='lat' dir='ltr'>inquit,</span> <span class='ocrx_word' id='word_1_225' title='bbox 741 3239 776 3276; x_wconf 90' lang='lat' dir='ltr'>ne</span> <span class='ocrx_word' id='word_1_226' title='bbox 798 3226 940 3291; x_wconf 86' lang='lat' dir='ltr'>patiamur,</span> <span class='ocrx_word' id='word_1_227' title='bbox 958 3240 1008 3277; x_wconf 91' lang='lat' dir='ltr'>nos</span> <span class='ocrx_word' id='word_1_228' title='bbox 1029 3225 1062 3278; x_wconf 85' lang='lat' dir='ltr'>ad</span> <span class='ocrx_word' id='word_1_229' title='bbox 1081 3241 1171 3278; x_wconf 87' lang='lat' dir='ltr'>veram</span> <span class='ocrx_word' id='word_1_230' title='bbox 1191 3229 1278 3280; x_wconf 79' lang='lat' dir='ltr'>deite-</span> 
     </span>
     <span class='ocr_line' id='line_1_27' title="bbox 177 3261 1279 3363; baseline 0.004 -17"><span class='ocrx_word' id='word_1_231' title='bbox 177 3303 231 3346; x_wconf 88' lang='lat' dir='ltr'>teru</span> <span class='ocrx_word' id='word_1_232' title='bbox 255 3294 349 3347; x_wconf 90' lang='lat' dir='ltr'>oculos</span> <span class='ocrx_word' id='word_1_233' title='bbox 369 3303 529 3346; x_wconf 79' lang='lat' dir='ltr'>convertere</span> <span class='ocrx_word' id='word_1_234' title='bbox 556 3261 644 3347; x_wconf 72' lang='lat' dir='ltr'>edtlcti</span> <span class='ocrx_word' id='word_1_235' title='bbox 663 3296 811 3363; x_wconf 88' lang='lat' dir='ltr'>scriptura,</span> <span class='ocrx_word' id='word_1_236' title='bbox 830 3311 909 3348; x_wconf 92' lang='lat' dir='ltr'>omne</span> <span class='ocrx_word' id='word_1_237' title='bbox 930 3304 1047 3348; x_wconf 88' lang='lat' dir='ltr'>creatum</span> <span class='ocrx_word' id='word_1_238' title='bbox 1069 3305 1144 3349; x_wconf 83' lang='lat' dir='ltr'>extra</span> <span class='ocrx_word' id='word_1_239' title='bbox 1162 3299 1279 3350; x_wconf 84' lang='lat' dir='ltr'>diuinam</span> 
     </span>
     <span class='ocr_line' id='line_1_28' title="bbox 177 3366 1279 3434; baseline 0.003 -15"><span class='ocrx_word' id='word_1_240' title='bbox 177 3374 299 3419; x_wconf 90' lang='lat' dir='ltr'>naturam</span> <span class='ocrx_word' id='word_1_241' title='bbox 319 3367 441 3434; x_wconf 75' lang='lat' dir='ltr'>cogitare</span> <span class='ocrx_word' id='word_1_242' title='bbox 459 3366 616 3429; x_wconf 75' lang='lat' dir='ltr'>didicimus,</span> <span class='ocrx_word' id='word_1_243' title='bbox 644 3381 723 3426; x_wconf 81' lang='lat' dir='ltr'>unam</span> <span class='ocrx_word' id='word_1_244' title='bbox 742 3367 888 3420; x_wconf 84' lang='lat' dir='ltr'>increatam</span> <span class='ocrx_word' id='word_1_245' title='bbox 912 3375 1031 3420; x_wconf 86' lang='lat' dir='ltr'>naturam</span> <span class='ocrx_word' id='word_1_246' title='bbox 1051 3369 1163 3421; x_wconf 87' lang='lat' dir='ltr'>adorare</span> <span class='ocrx_word' id='word_1_247' title='bbox 1181 3377 1207 3420; x_wconf 86' lang='lat' dir='ltr'>et</span> <span class='ocrx_word' id='word_1_248' title='bbox 1226 3385 1279 3422; x_wconf 83' lang='lat' dir='ltr'>ve-</span> 
     </span>
     <span class='ocr_line' id='line_1_29' title="bbox 174 3437 1278 3509; baseline 0.003 -19"><span class='ocrx_word' id='word_1_249' title='bbox 174 3437 279 3502; x_wconf 87' lang='lat' dir='ltr'>nerari,</span> <span class='ocrx_word' id='word_1_250' title='bbox 301 3437 376 3490; x_wconf 87' lang='lat' dir='ltr'>cuius</span> <span class='ocrx_word' id='word_1_251' title='bbox 395 3437 500 3507; x_wconf 78' lang='lat' dir='ltr'>signum</span> <span class='ocrx_word' id='word_1_252' title='bbox 522 3446 563 3491; x_wconf 90' lang='lat' dir='ltr'>est</span> <span class='ocrx_word' id='word_1_253' title='bbox 581 3445 661 3508; x_wconf 83' lang='lat' dir='ltr'>atque</span> <span class='ocrx_word' id='word_1_254' title='bbox 680 3438 807 3490; x_wconf 85' lang='lat' dir='ltr'>indicium</span> <span class='ocrx_word' id='word_1_255' title='bbox 824 3453 913 3509; x_wconf 86' lang='lat' dir='ltr'>neque</span> <span class='ocrx_word' id='word_1_256' title='bbox 938 3441 1059 3508; x_wconf 89' lang='lat' dir='ltr'>incipere</span> <span class='ocrx_word' id='word_1_257' title='bbox 1079 3455 1140 3492; x_wconf 89' lang='lat' dir='ltr'>esse</span> <span class='ocrx_word' id='word_1_258' title='bbox 1158 3455 1210 3492; x_wconf 91' lang='lat' dir='ltr'>nec</span> <span class='ocrx_word' id='word_1_259' title='bbox 1228 3442 1278 3493; x_wconf 86' lang='lat' dir='ltr'>de-</span> 
     </span>
     <span class='ocr_line' id='line_1_30' title="bbox 175 3473 283 3564; baseline -0.051 0"><span class='ocrx_word' id='word_1_260' title='bbox 175 3473 283 3564; x_wconf 64' lang='lat' dir='ltr'>sistere’.</span> 
     </span>
    </p>
   </div>
   <div class='ocr_carea' id='block_1_4' title="bbox 107 3605 1279 4316">
    <p class='ocr_par' dir='ltr' id='par_1_4' title="bbox 175 3605 1279 4034">
     <span class='ocr_line' id='line_1_31' title="bbox 281 3605 1279 3676; baseline 0.005 -20"><span class='ocrx_word' id='word_1_261' title='bbox 281 3605 398 3658; x_wconf 82' lang='lat' dir='ltr'>Videsne</span> <span class='ocrx_word' id='word_1_262' title='bbox 418 3613 539 3659; x_wconf 83' lang='lat' dir='ltr'>vetorum</span> <span class='ocrx_word' id='word_1_263' title='bbox 558 3607 727 3659; x_wconf 86' lang='lat' dir='ltr'>decretorum</span> <span class='ocrx_word' id='word_1_264' title='bbox 749 3605 933 3676; x_wconf 82' lang='lat' dir='ltr'>dictorumque</span> <span class='ocrx_word' id='word_1_265' title='bbox 949 3607 1163 3675; x_wconf 66' lang='lat' dir='ltr'>probabilitatem</span> <span class='ocrx_word' id='word_1_266' title='bbox 1182 3610 1215 3660; x_wconf 88' lang='lat' dir='ltr'>ad</span> <span class='ocrx_word' id='word_1_267' title='bbox 1231 3625 1279 3661; x_wconf 89' lang='lat' dir='ltr'>re.</span> 
     </span>
     <span class='ocr_line' id='line_1_32' title="bbox 181 3675 1279 3748; baseline 0.002 -18"><span class='ocrx_word' id='word_1_268' title='bbox 181 3677 318 3730; x_wconf 86' lang='lat' dir='ltr'>lutandnm</span> <span class='ocrx_word' id='word_1_269' title='bbox 337 3675 475 3730; x_wconf 83' lang='lat' dir='ltr'>difficilem</span> <span class='ocrx_word' id='word_1_270' title='bbox 487 3695 545 3730; x_wconf 87' lang='lat' dir='ltr'>cum</span> <span class='ocrx_word' id='word_1_271' title='bbox 556 3679 627 3730; x_wconf 89' lang='lat' dir='ltr'>omni</span> <span class='ocrx_word' id='word_1_272' title='bbox 641 3678 834 3745; x_wconf 74' lang='lat' dir='ltr'>perspicuitate</span> <span class='ocrx_word' id='word_1_273' title='bbox 854 3687 881 3730; x_wconf 92' lang='lat' dir='ltr'>et</span> <span class='ocrx_word' id='word_1_274' title='bbox 894 3680 1022 3731; x_wconf 79' lang='lat' dir='ltr'>munditie</span> <span class='ocrx_word' id='word_1_275' title='bbox 1040 3681 1180 3748; x_wconf 79' lang='lat' dir='ltr'>prolatum.</span> <span class='ocrx_word' id='word_1_276' title='bbox 1200 3697 1279 3732; x_wconf 89' lang='lat' dir='ltr'>unam</span> 
     </span>
     <span class='ocr_line' id='line_1_33' title="bbox 178 3748 1277 3806; baseline 0.006 -6"><span class='ocrx_word' id='word_1_277' title='bbox 178 3751 249 3801; x_wconf 81' lang='lat' dir='ltr'>enini</span> <span class='ocrx_word' id='word_1_278' title='bbox 269 3748 387 3800; x_wconf 82' lang='lat' dir='ltr'>divinum</span> <span class='ocrx_word' id='word_1_279' title='bbox 411 3751 553 3802; x_wconf 83' lang='lat' dir='ltr'>essentiam</span> <span class='ocrx_word' id='word_1_280' title='bbox 573 3758 737 3803; x_wconf 74' lang='lat' dir='ltr'>cincturam</span> <span class='ocrx_word' id='word_1_281' title='bbox 760 3749 873 3801; x_wconf 89' lang='lat' dir='ltr'>adorare</span> <span class='ocrx_word' id='word_1_282' title='bbox 893 3757 920 3801; x_wconf 88' lang='lat' dir='ltr'>ct</span> <span class='ocrx_word' id='word_1_283' title='bbox 942 3753 1067 3803; x_wconf 81' lang='lat' dir='ltr'>venerari</span> <span class='ocrx_word' id='word_1_284' title='bbox 1086 3761 1277 3806; x_wconf 85' lang='lat' dir='ltr'>commonetur.</span> 
     </span>
     <span class='ocr_line' id='line_1_34' title="bbox 177 3819 1277 3889; baseline 0.002 -15"><span class='ocrx_word' id='word_1_285' title='bbox 177 3819 364 3874; x_wconf 70' lang='lat' dir='ltr'>inessentialia</span> <span class='ocrx_word' id='word_1_286' title='bbox 384 3827 410 3872; x_wconf 89' lang='lat' dir='ltr'>et</span> <span class='ocrx_word' id='word_1_287' title='bbox 428 3819 510 3872; x_wconf 89' lang='lat' dir='ltr'>multa</span> <span class='ocrx_word' id='word_1_288' title='bbox 535 3830 562 3873; x_wconf 89' lang='lat' dir='ltr'>et</span> <span class='ocrx_word' id='word_1_289' title='bbox 593 3830 667 3874; x_wconf 88' lang='lat' dir='ltr'>extra</span> <span class='ocrx_word' id='word_1_290' title='bbox 689 3821 807 3873; x_wconf 81' lang='lat' dir='ltr'>divinam</span> <span class='ocrx_word' id='word_1_291' title='bbox 832 3828 954 3873; x_wconf 80' lang='lat' dir='ltr'>usturam</span> <span class='ocrx_word' id='word_1_292' title='bbox 978 3824 1065 3889; x_wconf 90' lang='lat' dir='ltr'>posita</span> <span class='ocrx_word' id='word_1_293' title='bbox 1085 3824 1193 3875; x_wconf 90' lang='lat' dir='ltr'>minime</span> <span class='ocrx_word' id='word_1_294' title='bbox 1210 3825 1277 3876; x_wconf 87' lang='lat' dir='ltr'>ado.</span> 
     </span>
     <span class='ocr_line' id='line_1_35' title="bbox 175 3892 1277 3963; baseline 0.005 -20"><span class='ocrx_word' id='word_1_295' title='bbox 175 3907 241 3943; x_wconf 80' lang='lat' dir='ltr'>rare</span> <span class='ocrx_word' id='word_1_296' title='bbox 259 3897 286 3940; x_wconf 86' lang='lat' dir='ltr'>et</span> <span class='ocrx_word' id='word_1_297' title='bbox 304 3893 439 3944; x_wconf 89' lang='lat' dir='ltr'>venerari.</span> <span class='ocrx_word' id='word_1_298' title='bbox 476 3892 528 3944; x_wconf 90' lang='lat' dir='ltr'>sibi</span> <span class='ocrx_word' id='word_1_299' title='bbox 548 3896 619 3945; x_wconf 87' lang='lat' dir='ltr'>eninr</span> <span class='ocrx_word' id='word_1_300' title='bbox 638 3894 748 3945; x_wconf 86' lang='lat' dir='ltr'>inimica</span> <span class='ocrx_word' id='word_1_301' title='bbox 765 3900 792 3944; x_wconf 86' lang='lat' dir='ltr'>et</span> <span class='ocrx_word' id='word_1_302' title='bbox 811 3892 891 3945; x_wconf 82' lang='lat' dir='ltr'>valde</span> <span class='ocrx_word' id='word_1_303' title='bbox 910 3896 1096 3963; x_wconf 75' lang='lat' dir='ltr'>repugnantia,</span> <span class='ocrx_word' id='word_1_304' title='bbox 1116 3897 1163 3946; x_wconf 91' lang='lat' dir='ltr'>uni</span> <span class='ocrx_word' id='word_1_305' title='bbox 1182 3896 1277 3961; x_wconf 87' lang='lat' dir='ltr'>multa,</span> 
     </span>
     <span class='ocr_line' id='line_1_36' title="bbox 177 3961 1278 4034; baseline 0.005 -20"><span class='ocrx_word' id='word_1_306' title='bbox 177 3961 312 4014; x_wconf 84' lang='lat' dir='ltr'>esseutiae</span> <span class='ocrx_word' id='word_1_307' title='bbox 340 3962 534 4014; x_wconf 78' lang='lat' dir='ltr'>inessentialia.</span> <span class='ocrx_word' id='word_1_308' title='bbox 580 3979 694 4016; x_wconf 86' lang='lat' dir='ltr'>necesse</span> <span class='ocrx_word' id='word_1_309' title='bbox 722 3971 763 4017; x_wconf 86' lang='lat' dir='ltr'>est</span> <span class='ocrx_word' id='word_1_310' title='bbox 786 3971 817 4014; x_wconf 90' lang='lat' dir='ltr'>ut</span> <span class='ocrx_word' id='word_1_311' title='bbox 840 3965 987 4017; x_wconf 87' lang='lat' dir='ltr'>incidamus</span> <span class='ocrx_word' id='word_1_312' title='bbox 1014 3975 1060 4018; x_wconf 86' lang='lat' dir='ltr'>aut</span> <span class='ocrx_word' id='word_1_313' title='bbox 1083 3968 1112 4018; x_wconf 89' lang='lat' dir='ltr'>iu</span> <span class='ocrx_word' id='word_1_314' title='bbox 1137 3969 1278 4034; x_wconf 90' lang='lat' dir='ltr'>impiorum</span> 
     </span>
    </p>

    <p class='ocr_par' dir='ltr' id='par_1_5' title="bbox 107 4030 1277 4316">
     <span class='ocr_line' id='line_1_37' title="bbox 107 4030 1277 4107; baseline 0.006 -22"><span class='ocrx_word' id='word_1_315' title='bbox 107 4051 114 4062; x_wconf 78' lang='grc'>’</span> <span class='ocrx_word' id='word_1_316' title='bbox 175 4032 334 4086; x_wconf 86' lang='lat' dir='ltr'>atheismum</span> <span class='ocrx_word' id='word_1_317' title='bbox 356 4041 402 4084; x_wconf 88' lang='lat' dir='ltr'>aut</span> <span class='ocrx_word' id='word_1_318' title='bbox 420 4034 448 4084; x_wconf 91' lang='lat' dir='ltr'>in</span> <span class='ocrx_word' id='word_1_319' title='bbox 469 4034 629 4087; x_wconf 86' lang='lat' dir='ltr'>Graecorum</span> <span class='ocrx_word' id='word_1_320' title='bbox 648 4034 974 4102; x_wconf 74' lang='lat' dir='ltr'>polytheismineiaudam</span> <span class='ocrx_word' id='word_1_321' title='bbox 987 4030 1176 4104; x_wconf 75' lang='lat' dir='ltr'>calamitatem,</span> <span class='ocrx_word' id='word_1_322' title='bbox 1194 4055 1277 4107; x_wconf 89' lang='lat' dir='ltr'>prae</span> 
     </span>
     <span class='ocr_line' id='line_1_38' title="bbox 176 4103 1277 4177; baseline 0.005 -20"><span class='ocrx_word' id='word_1_323' title='bbox 176 4111 315 4157; x_wconf 89' lang='lat' dir='ltr'>tereuntes</span> <span class='ocrx_word' id='word_1_324' title='bbox 333 4103 495 4171; x_wconf 79' lang='lat' dir='ltr'>religionem</span> <span class='ocrx_word' id='word_1_325' title='bbox 513 4107 583 4156; x_wconf 78' lang='lat' dir='ltr'>intre</span> <span class='ocrx_word' id='word_1_326' title='bbox 609 4107 738 4172; x_wconf 88' lang='lat' dir='ltr'>positam,</span> <span class='ocrx_word' id='word_1_327' title='bbox 766 4107 838 4174; x_wconf 90' lang='lat' dir='ltr'>quod</span> <span class='ocrx_word' id='word_1_328' title='bbox 864 4123 943 4174; x_wconf 92' lang='lat' dir='ltr'>supra</span> <span class='ocrx_word' id='word_1_329' title='bbox 968 4115 995 4158; x_wconf 90' lang='lat' dir='ltr'>et</span> <span class='ocrx_word' id='word_1_330' title='bbox 1013 4119 1143 4177; x_wconf 89' lang='lat' dir='ltr'>perpetuo</span> <span class='ocrx_word' id='word_1_331' title='bbox 1165 4113 1277 4162; x_wconf 87' lang='lat' dir='ltr'>demon-</span> 
     </span>
     <span class='ocr_line' id='line_1_39' title="bbox 179 4175 1277 4262; baseline 0.002 -33"><span class='ocrx_word' id='word_1_332' title='bbox 179 4175 332 4229; x_wconf 81' lang='lat' dir='ltr'>strauimus.</span> <span class='ocrx_word' id='word_1_333' title='bbox 370 4191 466 4242; x_wconf 89' lang='lat' dir='ltr'>nempe</span> <span class='ocrx_word' id='word_1_334' title='bbox 486 4176 646 4229; x_wconf 83' lang='lat' dir='ltr'>Graecorum</span> <span class='ocrx_word' id='word_1_335' title='bbox 665 4176 861 4244; x_wconf 73' lang='lat' dir='ltr'>polytheismus</span> <span class='ocrx_word' id='word_1_336' title='bbox 881 4179 1028 4262; x_wconf 81' lang='lat' dir='ltr'>exiguum,</span> <span class='ocrx_word' id='word_1_337' title='bbox 1050 4197 1103 4233; x_wconf 93' lang='lat' dir='ltr'>non</span> <span class='ocrx_word' id='word_1_338' title='bbox 1122 4183 1277 4232; x_wconf 87' lang='lat' dir='ltr'>immensum</span> 
     </span>
     <span class='ocr_line' id='line_1_40' title="bbox 183 4245 1277 4316; baseline 0.003 -17"><span class='ocrx_word' id='word_1_339' title='bbox 183 4261 321 4300; x_wconf 87' lang='lat' dir='ltr'>numerum</span> <span class='ocrx_word' id='word_1_340' title='bbox 339 4245 391 4298; x_wconf 87' lang='lat' dir='ltr'>sibi</span> <span class='ocrx_word' id='word_1_341' title='bbox 411 4249 589 4316; x_wconf 84' lang='lat' dir='ltr'>compararit,</span> <span class='ocrx_word' id='word_1_342' title='bbox 616 4247 736 4301; x_wconf 81' lang='lat' dir='ltr'>Palames</span> <span class='ocrx_word' id='word_1_343' title='bbox 761 4264 827 4301; x_wconf 84' lang='lat' dir='ltr'>uero</span> <span class='ocrx_word' id='word_1_344' title='bbox 853 4250 949 4303; x_wconf 87' lang='lat' dir='ltr'>lines</span> <span class='ocrx_word' id='word_1_345' title='bbox 942 4253 1068 4304; x_wconf 83' lang='lat' dir='ltr'>iuvenire</span> <span class='ocrx_word' id='word_1_346' title='bbox 1086 4249 1163 4304; x_wconf 90' lang='lat' dir='ltr'>nullo</span> <span class='ocrx_word' id='word_1_347' title='bbox 1189 4251 1277 4315; x_wconf 87' lang='lat' dir='ltr'>modo,</span> 
     </span>
    </p>
   </div>
   <div class='ocr_carea' id='block_1_5' title="bbox 182 4318 1277 4394">
    <p class='ocr_par' dir='ltr' id='par_1_6' title="bbox 182 4318 1277 4394">
     <span class='ocr_line' id='line_1_41' title="bbox 182 4318 1277 4394; baseline 0.003 -22"><span class='ocrx_word' id='word_1_348' title='bbox 182 4319 277 4374; x_wconf 84' lang='lat' dir='ltr'>nescio</span> <span class='ocrx_word' id='word_1_349' title='bbox 296 4325 384 4372; x_wconf 86' lang='lat' dir='ltr'>utrum</span> <span class='ocrx_word' id='word_1_350' title='bbox 401 4318 471 4374; x_wconf 87' lang='lat' dir='ltr'>nolit</span> <span class='ocrx_word' id='word_1_351' title='bbox 489 4335 523 4376; x_wconf 84' lang='lat' dir='ltr'>an</span> <span class='ocrx_word' id='word_1_352' title='bbox 541 4329 668 4391; x_wconf 82' lang='lat' dir='ltr'>nequest</span> <span class='ocrx_word' id='word_1_353' title='bbox 705 4328 847 4393; x_wconf 87' lang='lat' dir='ltr'>utrumque</span> <span class='ocrx_word' id='word_1_354' title='bbox 865 4324 936 4378; x_wconf 84' lang='lat' dir='ltr'>enim</span> <span class='ocrx_word' id='word_1_355' title='bbox 955 4324 1015 4380; x_wconf 85' lang='lat' dir='ltr'>ieri</span> <span class='ocrx_word' id='word_1_356' title='bbox 1033 4332 1062 4378; x_wconf 88' lang='lat' dir='ltr'>et</span> <span class='ocrx_word' id='word_1_357' title='bbox 1080 4333 1169 4394; x_wconf 87' lang='lat' dir='ltr'>potest</span> <span class='ocrx_word' id='word_1_358' title='bbox 1180 4331 1207 4376; x_wconf 83' lang='lat' dir='ltr'>et</span> <span class='ocrx_word' id='word_1_359' title='bbox 1223 4335 1277 4376; x_wconf 87' lang='lat' dir='ltr'>non</span> 
     </span>
    </p>
   </div>
   <div class='ocr_carea' id='block_1_6' title="bbox 0 0 1596 5100">
    <p class='ocr_par' dir='ltr' id='par_1_7' title="bbox 0 0 1596 5100">
     <span class='ocr_line' id='line_1_42' title="bbox 0 0 1596 5100; baseline 0 0"><span class='ocrx_word' id='word_1_360' title='bbox 0 0 1596 5100; x_wconf 95' lang='lat' dir='ltr'> </span> 
     </span>
    </p>
   </div>
  </div>
 </body>
</html>
