3184 5100
249 416 473 486 msroumu
490 372 919 482 buurunuanaxnm
940 394 1130 481 tlt-28.
1189 400 1264 483 tta

159 582 248 659 νειάς
267 581 395 657 εἶκάιως
428 574 466 643 civ
490 604 538 654 τις
560 576 723 642 καλέσειεν
758 574 887 660 άρατάς.
939 574 1021 641 άλλά
1043 574 1099 640 καί
1118 574 1153 641 τά
1176 579 1265 641 θεῖον

159 688 219 749 τοῦ
242 685 388 769 Χριστοῦ
407 682 502 763 σῶμα
524 680 718 765 θεοφάνειαν
739 677 895 760 Μάξιμος
916 674 1033 763 ὄρατῆν
1054 676 1262 761 ἐπισημαίνε-

159 810 214 849 ται
235 784 336 868 λέγειν
355 780 410 847 τὸν
431 779 533 866 μέγαν
553 780 733 846 Διονύσιον.
776 778 832 843 καί
853 776 914 865 γάρ
936 778 992 843 καί
1014 774 1034 862 ἦ
1055 774 1136 841 κατά
1156 776 1262 862 σάρκα

158 884 303 970 γέννησις
322 881 424 968 ὅρατη
446 879 630 967 θεοφάνεια,
651 875 699 963 ἦν,
729 878 773 955 οἷς
794 880 851 945 καί
872 876 890 943 ὅ
912 878 1013 963 μέγας
1035 880 1152 964 φάσκει
1172 879 1203 943 Γ
1204 902 1262 964 ρη-

130 986 278 1071 5γάριος,
302 982 419 1048 circeos*
450 985 551 1067 λέγων
572 978 633 1044 “rei
655 983 691 1045 δὲ
713 983 769 1045 νῦν
791 980 952 1066 έλεοφάνια
978 977 1195 1063 ἦπανέγγορις
1214 977 1262 1043 εἴ-

158 1107 235 1150 τουν
254 1084 420 1170 γενέθλια·
471 1081 595 1167 λέγεται
622 1079 684 1166 γάρ
718 1081 904 1168 άμφότερα·
949 1075 1049 1163 ὄνομα
1074 1081 1108 1145 ait
1127 1081 1173 1167 τῷ
1198 1104 1263 1165 φα-

160 1187 254 1269 νῆναι
272 1186 332 1269 μὲν
352 1182 533 1271 θεοφάνια,
566 1183 614 1268 τῷ
637 1183 868 1266 δὲγεννᾶσθαι
888 1178 1065 1266 γενέθλια.”
1110 1178 1146 1242 οὐ
1166 1178 1264 1262 μόνον

162 1286 207 1363 δέ,
232 1284 314 1349 ἀλλά
332 1284 388 1350 καί
405 1282 445 1349 “si
469 1281 623 1370 άόρατος”
645 1282 744 1369 φησὶν
761 1279 902 1367 “cipriano
921 1280 977 1345 καί
998 1278 1016 1343 ὅ
1040 1272 1180 1366 άναρχος
1205 1276 1263 1367 cip-

159 1384 283 1466 χεται,”
303 1385 359 1450 καί
381 1381 443 1449 ὅσα
471 1376 543 1467 ἑξῆς
577 1380 821 1469 φρικωδέστερα
855 1380 914 1465 μέν
939 1382 1003 1445 εἶσι
1022 1382 1079 1446 τοῦ
1099 1378 1156 1467 γῆν
1181 1380 1262 1466 σάρ-

109 1499 151 1553 1⁰
160 1509 260 1549 κωσιν
291 1486 348 1549 τοῦ
378 1485 491 1570 κυρίου
522 1482 717 1569 θεοφάνειαν
747 1480 867 1567 ὅρατὴν
896 1480 1084 1565 ὀνομάζειν,
1123 1480 1263 1567 ὁμόλογα
1293 1492 1295 1497 ’
1379 1487 1384 1531 '-

162 1587 198 1651 δὲ
238 1592 305 1660 τοῖς
334 1584 547 1670 εὖαγγελικοῖς
583 1582 706 1671 ῥήμασι
732 1590 799 1659 σοῖς
827 1580 869 1647 “ὅ
895 1583 987 1669 λόγος
1015 1580 1096 1669 σάρξ
1126 1580 1265 1668 ἐγένονθ’

161 1686 441 1773 ἀποφαινομένοις.
472 1683 509 1749 οὗ
527 1684 592 1770 μὴν
614 1681 758 1751 άκτιστον
777 1682 836 1760 διά
863 1688 954 1749 τοῦτο
977 1684 1112 1768 θεότηια
1131 1681 1187 1767 τὴν
1206 1680 1326 1757 corin

158 1786 274 1872 κυρίου
296 1787 401 1870 σάρκα
424 1784 548 1871 φαμέν,
580 1784 662 1849 άλλά
680 1788 721 1873 τῇ
743 1784 947 1872 προσηκούσῃ
978 1784 1092 1871 γνάσει
1111 1786 1185 1849 νοῦν
1206 1786 1262 1848 καὶ

158 1890 299 1972 γλαῖπαν
322 1884 531 1974 ῥυθμιζονιες
561 1888 596 1951 ἐκ
626 1890 689 1951 ταῖν
711 1884 836 1974 ὁρατῶν
869 1886 1069 1973 θεοφανειῶν
1102 1882 1182 1968 πρὸς
1204 1884 1261 1967 τὴν

108 1990 220 2063 ιῡτῶν
245 1987 390 2073 άοράτων
417 1985 504 2051 ’κατά
538 1988 672 2071 δύναμιν
703 1986 847 2074 α’γόμεθα
870 1986 1007 2064 ἔννοιαν,
1032 1986 1088 2051 καί
1107 1982 1188 2049 κατά
1207 1982 1262 2049 τὸν

158 2091 248 2152 θεῖον
270 2088 370 2151 εἰπεῖν
384 2088 554 2154 Διονύσιον
576 2088 630 2153 ἐπὶ
649 2085 706 2172 τὴν
729 2086 833 2171 άαλῆν
845 2088 901 2153 καὶ
921 2084 1087 2170 ἡνωμένην
1105 2087 1168 2149 τῶν
1185 2108 1260 2169 νοη-

156 2192 219 2253 τῶν
236 2189 410 2271 θεαμάτων
433 2188 588 2273 ἀλήθειαν
612 2188 774 2274 άναλάγως
800 2186 1057 2270 άνατεινάμεθα.”
1103 2184 1184 2251 άλλά
1204 2184 1260 2267 καὶ

156 2286 175 2353 ὅ
195 2289 340 2375 μελῳδὸς
360 2288 417 2373 τὴν
438 2289 602 2375 σάρκωσιν
615 2286 723 2373 άμναῖν
735 2292 793 2354 rori
813 2289 938 2374 κοριόο,
951 2285 1168 2373 “θεοφανειάς
1182 2283 1260 2349 σοο”

158 2388 285 2475 φάσκει,
304 2386 459 2475 “Χριστε’,
478 2393 536 2475 τῆς
546 2389 627 2476 πρὸς
638 2389 725 2474 ἡμᾶς
738 2392 921 2474 συμπαθῶς
937 2387 1105 2475 γενομένης
1122 2384 1261 2459 Ἡσαΐας

101 2510 146 2566 20
157 2493 227 2576 φῶς
247 2488 325 2555 licit
347 2490 571 2577 ἑκραάγαζεν.”
624 2491 680 2558 καί
702 2490 811 2568 άαλῶς
842 2487 884 2557 τά
905 2492 938 2556 ἐν
960 2492 1042 2556 πᾶσι
1062 2494 1186 2574 καιροῖς
1207 2507 1261 2571 γε-

153 2591 272 2673 νόμενα
305 2591 361 2655 καί
387 2591 537 2677 γινόμενα
570 2592 722 2676 θαύματα
757 2593 882 2657 παλαιά
910 2617 943 2658 τε
971 2591 1028 2656 καέ
1056 2589 1113 2654 νέα
1143 2585 1260 2674 ὅραιαί

154 2693 346 2778 θεοφάνειαι
370 2692 500 2778 λέγοιντ’
529 2689 570 2775 άν
591 2696 647 2760 καὶ
673 2693 747 2781 ἱερά
779 2694 1068 2777 ααραπετάσματα.
1123 2687 1324 2775 epinicea„

154 2791 191 2856 δὲ
218 2793 294 2879 περὶ
328 2796 392 2858 τῶν
418 2795 570 2860 τοιοάιων
602 2795 659 2861 καί
690 2792 818 2872 boenc
839 2796 873 2862 ἐκ
897 2793 1076 2878 Δαμάσκοο
1094 2789 1258 2876 Ἰωάννης·

153 3134 313 3206 buscunque
331 3137 397 3190 deus
419 3146 531 3206 apparet
547 3155 598 3207 per
609 3155 705 3211 magua
715 3140 896 3208 symbolorum
907 3139 1045 3206 miracula,
1064 3154 1156 3193 amnes
1176 3138 1259 3194 theo.

154 3207 267 3276 phanias
287 3207 386 3260 dixerit
407 3211 466 3277 quis
484 3210 616 3263 visibiles.
662 3212 710 3265 sed
736 3214 814 3264 etiam
834 3213 861 3266 S.
882 3212 982 3266 Christi
1006 3227 1104 3279 corpus
1122 3211 1258 3278 theopha.

153 3280 226 3332 niam
247 3279 384 3332 risibilem
401 3281 493 3333 dicero
522 3298 646 3350 maguum
672 3283 832 3350 Dionysium
851 3285 979 3338 blaximus
1005 3283 1114 3336 indicat.
1159 3282 1258 3338 etenim

154 3359 246 3420 partus
265 3366 314 3418 per
333 3367 439 3403 carnem
459 3353 576 3405 visibilis
595 3363 652 3406 erat
670 3352 842 3423 theophania,
862 3363 892 3408 ut
911 3355 960 3407 illa
980 3355 1125 3424 Gregorius
1144 3353 1191 3418 ait,
1212 3358 1258 3410 ubi

153 3423 192 3474 ita
210 3421 348 3490 loquitur:
368 3423 531 3491 theophania
550 3441 621 3477 nuuc
634 3424 763 3491 laudatio,
781 3427 801 3478 i.
821 3443 845 3480 e.
864 3428 1004 3491 nativitas3
1024 3434 1166 3493 utrumque
1188 3431 1258 3480 cuim
1302 3456 1313 3472 ι

153 3493 271 3560 dicitur,
295 3493 459 3561 theophania
486 3511 502 3548 a
522 3498 667 3568 φάνηναι,
692 3497 725 3550 ab
743 3500 818 3550 nasci
837 3499 973 3551 nativitas.
1015 3512 1066 3550 nec
1087 3496 1139 3548 hoc
1160 3495 1256 3565 solum,

154 3579 249 3615 verum
270 3565 348 3615 etiam
368 3565 515 3620 invisibilis
534 3569 698 3636 conspicitur
718 3577 752 3633 et,
772 3571 817 3638 qui
846 3571 950 3621 initium
968 3583 1022 3620 uon
1043 3567 1134 3632 habet,
1152 3569 1257 3622 initium

154 3621 236 3700 'capit
273 3642 301 3686 et
317 3651 386 3704 quae
405 3653 485 3703 porro
505 3639 613 3692 duriora
631 3648 693 3692 sunt
711 3657 788 3708 quam
813 3641 1023 3693 incarnationem
1042 3639 1140 3692 domiui
1159 3640 1257 3694 visibi-

152 3705 207 3756 lem
226 3703 416 3772 theophaniam
437 3711 586 3778 appellare,
606 3711 703 3765 similia
721 3712 755 3764 iis
774 3711 912 3780 evangelii
931 3711 1022 3764 verbis
1041 3726 1125 3780 quac:
1145 3717 1172 3762 et
1190 3727 1256 3764 ver.

152 3775 215 3827 bum
234 3791 297 3827 caro
317 3777 483 3845 factumest,
503 3783 655 3835 ostendunt.
675 3797 763 3851 neque
792 3785 862 3835 euim
881 3785 1026 3835 increatam
1046 3782 1080 3834 ob
1101 3782 1169 3834 bane
1189 3798 1255 3836 cau.

153 3862 209 3898 sam
229 3846 356 3899 deitatem
373 3849 474 3902 domini
493 3868 598 3904 carnem
618 3855 739 3918 dicimus,
758 3855 805 3907 scd
824 3855 856 3906 ad
873 3863 958 3922 aptam
978 3855 1158 3922 cognitionem
1177 3871 1256 3908 men.

151 3925 205 3968 tem
226 3925 254 3969 et
271 3916 389 3987 linquam
407 3923 601 3990 coniungentes
619 3941 652 3977 ex
670 3925 824 3977 visibilibus
843 3925 1014 3993 theophaniis
1027 3927 1060 3977 ad
1078 3926 1255 3979 invisibilium

150 4003 201 4057 pro
221 3988 323 4042 viribus
344 3993 443 4043 uostris
463 3995 644 4062 cognitionem
657 3997 776 4048 ducimur
796 4005 824 4048 ct
836 4005 865 4048 ut
879 3996 906 4049 S.
918 3997 1063 4064 Dionysius
1080 3999 1117 4050 ait
1135 3998 1168 4050 ad
1187 3999 1255 4050 sim.

150 4059 251 4128 plicem
271 4068 298 4111 et
316 4061 464 4127 perlectam
484 4066 662 4131 spiritualium
681 4067 934 4135 contemplationum
951 4069 1091 4121 veritatem
1109 4084 1158 4137 per
1176 4070 1254 4122 simi.

150 4131 292 4184 litudinem
312 4134 448 4200 erigimur.
485 4144 567 4202 poeta
584 4137 795 4190 incarnationem
814 4140 912 4191 domini
932 4139 1088 4192 celebrans:
1117 4141 1253 4209 tbeopba.

150 4203 312 4267 mantuae,
332 4204 453 4270 Christe,
471 4208 573 4276 inquit,
603 4224 673 4278 quae
691 4225 740 4277 per
764 4211 975 4263 misericordiam
997 4212 1067 4264 lacta
1087 4221 1142 4278 est,
1161 4212 1253 4264 lumen

108 4329 128 4344 r
152 4289 231 4342 quum
250 4275 364 4327 vidisset
378 4276 459 4336 isaias
479 4278 649 4332 exclamavit.
686 4288 766 4350 atque
784 4280 913 4334 miracula
932 4283 1062 4352 cuiusque
1078 4285 1206 4352 temporis
1226 4289 1253 4333 ει

151 4345 262 4415 antiqua
279 4354 306 4398 et
325 4351 396 4401 nort
414 4357 541 4416 poterunt
559 4349 682 4407 risibiles
705 4352 886 4422 theophaniae
904 4355 1035 4409 nominari
1063 4365 1090 4412 ct
1113 4369 1188 4410 sacra
1207 4354 1257 4408 in*
