3184 5100
353 417 574 487 nrsrounn
604 417 863 485 numanum:
880 417 976 484 xxv.
998 398 1038 485 8.
1059 399 1099 484 9.
1224 407 1274 484 aa

172 581 233 642 τοδν
253 582 354 643 ’θείων
377 583 522 666 γραφῶν.
572 579 663 668 ἔργον
684 567 745 664 peip
771 581 872 644 ου’τοῦ
901 577 1154 645 σπουδαιότατον
1174 573 1275 657 μόλι-

172 704 230 743 στα
261 680 387 746 πιίντων
420 680 521 766 ἱεραῖς
561 680 738 766 ἐκκλησίαις
779 683 1029 764 ἀθροιζομένους
1059 676 1274 761 Χριστιανους

173 777 333 845 διδάσκειν
360 785 396 846 τοί
419 807 454 847 τε
487 777 567 848 ἄλλο
599 788 654 866 τῆς
687 785 850 866 εὐσεβείας
882 778 1002 863 νόμιμα
1016 781 1034 861 ,“
1055 784 1110 844 καί
1137 777 1218 862 πρίς
1239 801 1274 861 γε

175 884 334 965 φροντίδα
358 889 521 948 ποιεῖσθαι
542 888 603 948 τοῖν
625 887 782 964 δεομένων
795 881 953 966 μεγίστην,
974 881 1017 956 cic
1038 875 1118 946 εἶναι
1133 882 1174 944 δι’
1192 881 1275 942 ἐκεῖ·

149 987 227 1044 ὄνον
250 984 356 1046 πᾶσαν
379 985 498 1068 ἐκείνην
521 982 578 1068 την
598 986 693 1067 νῆσον
709 981 799 1047 ἐλέου
822 986 877 1047 καί
897 985 1027 1056 πίστεως
1050 977 1200 1060 στάδιον,
1221 976 1276 1044 καί

170 1081 312 1160 μάλιστα
349 1083 475 1150 πάντων
509 1085 723 1168 αἰχμαλώτων
752 1082 949 1165 ἐλευθερίαν.
1000 1083 1067 1146 είσί
1084 1104 1118 1163 χε
1136 1079 1202 1162 μὴν
1220 1080 1310 1148 sal·
1383 1079 1393 1102 ²

173 1179 205 1245 αἱ
230 1185 289 1246 τοῦ
309 1183 408 1268 ῥηχὸς
430 1186 504 1268 περί
523 1183 596 1260 τοδς
628 1184 745 1260 τόπους
777 1186 916 1257 ἐκείνους
937 1180 1086 1256 ἐπαύλεις
1110 1180 1164 1245 καί
1187 1184 1274 1244 δίαι-
1298 1205 1306 1214 ·

170 1308 242 1364 τοι,
275 1283 330 1348 καί
360 1284 394 1349 αἱ
435 1288 495 1349 τεέν
534 1282 628 1352 οἴκων
663 1287 782 1350 ἐκείνου
814 1283 1030 1368 λαμπρότητες
1062 1285 1146 1346 ποὶνυ
1180 1282 1276 1346 καλαί

173 1382 227 1446 διὰ
252 1382 287 1448 τό
317 1389 524 1469 χαριέστερον
552 1379 634 1450 εἶναι
663 1389 716 1469 τῆς
747 1381 846 1468 νήσου
875 1381 909 1449 ro*
932 1387 1029 1465 μέρος
1060 1385 1160 1448 έκεδνο
1180 1376 1274 1465 δερός

134 1495 163 1549 to
172 1509 205 1548 τε
230 1486 324 1548 ἕνεκα
357 1485 412 1549 καί
441 1483 509 1567 ἅμα
542 1490 662 1562 θέσεως
683 1481 777 1571 ἄλλης
809 1485 864 1550 κοί
883 1480 1048 1571 ῥαδυμιἀς
1075 1487 1139 1549 τῶν
1159 1484 1272 1552 τὸποον.

172 1583 222 1650 διδ
250 1588 310 1650 κα’κ
332 1589 390 1650 τοῦ
418 1585 532 1669 σχεδὸν
560 1586 710 1674 ἐσεφοίτα
740 1585 830 1667 θαμὰ
853 1591 930 1666 παρ’
960 1583 1060 1664 acircio
1082 1580 1099 1650 ὅ
1122 1587 1275 1669 Λαπίέέης

145 1687 352 1774 ,Γεωρχιομ
390 1686 445 1752 καί
474 1688 601 1774 σφόδρα
641 1691 756 1776 κομιδῇ
784 1692 900 1772 πολλῆς
928 1689 1069 1753 α’πέλαυε
1100 1691 1156 1774 τῆς
1187 1685 1277 1775 ῥηχι-

170 1795 227 1872 κῆς
251 1789 362 1864 αἰδοῦς
395 1794 449 1855 καί
469 1792 561 1874 τιμῆς
582 1791 635 1856 διοί
660 1814 694 1856 τε
722 1790 778 1874 την
810 1783 909 1874 ἄλλην
929 1787 1117 1875 σεμνότητα,
1153 1794 1208 1854 καί
1237 1783 1276 1871 ἣν

172 1889 318 1972 ἐκέκτητο
336 1887 476 1968 μα’λιστα
500 1891 626 1956 πάντων
649 1892 779 1976 σοφίαν,
803 1889 874 1953 ἐπεί
893 1890 946 1953 καί
967 1889 1062 1964 ου’τές
1085 1891 1126 1953 ου’
1139 1891 1276 1972 μετρίοις

134 2001 163 2054 15
173 1989 229 2072 τῆς
244 1991 394 2054 Λατίνων
414 1997 549 2075 μετέσχε
565 1999 758 2078 φιλοσοφίας
779 1989 885 2078 δ’ῥηξ,
908 1996 962 2056 καί
979 1995 1019 2055 δι’
1041 1990 1122 2055 oded
1136 2014 1171 2074 χε
1184 1987 1276 2053 τουτί

173 2089 310 2165 πολλοὺς
332 2094 390 2171 μὲν
414 2094 494 2178 ἄμφ’
517 2095 618 2158 αὑτὸν
639 2092 872 2168 τοδςΛατίνων
892 2087 960 2174 εἶχε
977 2091 1102 2179 ’σοφοδς
1124 2089 1192 2172 αἐί,
1215 2082 1277 2173 ἦρα

174 2189 353 2274 δὲμᾶλλον
382 2198 438 2277 τῆς
462 2198 492 2259 Γ
490 2194 624 2277 εωρχίου
655 2193 777 2277 μούσης
806 2198 860 2259 καί
886 2194 1031 2274 ὁμιλίας·
1083 2192 1181 2279 σοφοί
1199 2188 1273 2274 χείρ,

175 2295 266 2378 φησί,
289 2292 439 2378 τύραννοι
450 2297 570 2380 ’σοφοῖν
592 2294 756 2383 συνουσίᾳ.
802 2292 884 2378 ἔχων
905 2287 963 2359 οὖν
979 2291 1079 2358 ου’τδν
1094 2291 1180 2378 ἐχειν
1203 2288 1277 2356 ἐπέ-

173 2417 284 2460 πειστο
312 2397 367 2460 καί
386 2397 503 2482 σοφίαν
534 2395 614 2463 κατὰ
651 2397 771 2462 ταδτδν
802 2392 969 2480 ἑκατέραν,
999 2394 1055 2479 την
1074 2392 1279 2478 τεἛλληνων

134 2494 264 2581 οοφημί
283 2499 339 2561 καί
360 2497 531 2563 Λατίνων·
584 2500 685 2578 δεξιός
718 2496 778 2582 γὰρ
808 2502 841 2563 ἐν
872 2504 936 2575 τοῖς
966 2494 1105 2580 μάλιστα
1133 2501 1188 2560 καί
1208 2493 1281 2558 καθ’

174 2592 333 2680 ἐκατέρου
355 2604 472 2684 σοφίαν
494 2604 547 2665 καί
565 2603 704 2683 γλοῖττυν
727 2600 744 2662 δ
762 2603 793 2665 Γ
790 2600 919 2685 εοέρχιος
944 2592 990 2683 ἦν.
1034 2598 1134 2687 ταύτῃ
1159 2620 1206 2662 τοι
1228 2596 1282 2659 καί

176 2699 281 2784 ἡδέως
303 2700 407 2765 adseri
436 2694 550 2783 ἢκουσε
583 2703 809 2785 διαλεγομένου
830 2699 936 2785 συχνὰ
966 2710 1028 2777 τοῖς
1050 2701 1200 2765 Λατίνων
1221 2718 1280 2761 σο-

179 2996 238 3033 rem
256 2987 360 3049 partem
378 2981 412 3033 ad
431 2996 522 3033 eornm
547 2981 684 3035 conferret
703 2980 855 3034 libertatem
874 2989 903 3034 et
919 2980 989 3034 alios
1014 2994 1107 3032 ιτοτεο
1128 2979 1277 3046 scripturae

181 3054 335 3120 praeceptis
364 3052 557 3105 adhortaretur
602 3054 775 3133 praecipuum
801 3054 871 3105 enim
899 3061 926 3105 et
949 3054 1090 3104 maximum
1114 3052 1262 3104 studium
1254 3065 1282 3102 m
1323 3060 1331 3076 ·

181 3139 215 3175 eo
243 3124 412 3190 collocabat,
438 3133 467 3177 ut
493 3108 690 3180 Christianos
683 3140 710 3176 ru
735 3127 819 3177 sacris
846 3124 971 3176 ecclesiis
999 3131 1177 3192 congregatos
1203 3137 1283 3191 quum

181 3195 251 3247 alias
271 3163 412 3263 religionib
427 3197 503 3265 leges
523 3198 641 3262 doceret,
660 3206 714 3248 tum
735 3212 848 3248 maxime
862 3203 1002 3259 moneret
1021 3196 1145 3262 inopibus
1164 3208 1284 3248 summo.

183 3282 250 3335 pere
272 3270 487 3335 prospiciendum
508 3278 534 3321 et
553 3268 745 3336 providendum
766 3284 836 3320 esse.
875 3282 956 3336 quare
975 3267 1073 3318 lactum
1094 3274 1148 3330 est,
1174 3274 1204 3317 ut
1226 3267 1283 3318 eius

183 3354 269 3406 opera
288 3346 344 3391 tota
365 3340 453 3392 insula
472 3342 674 3393 misericordiae
692 3348 772 3409 atque
791 3341 853 3392 iidei
876 3340 950 3409 quasi
968 3338 1102 3406 palaestra
1121 3346 1211 3405 pateat
1228 3338 1283 3389 ibi-

183 3426 237 3479 que
255 3412 369 3463 maxima
380 3416 414 3464 sit
426 3414 590 3480 captivorum
602 3412 721 3464 libertas.
741 3413 768 3464 in
786 3412 843 3463 illis
863 3412 931 3464 locis
950 3418 1010 3464 sunt
1030 3412 1108 3462 etiam
1119 3410 1283 3478 regisprae-

183 3482 228 3532 dia
250 3483 383 3551 sedesque
403 3492 482 3552 atque
502 3485 733 3551 splendidissimae
753 3482 811 3535 ei'us
830 3493 857 3535 et
875 3482 1071 3551 pulcherrimae
1090 3483 1188 3546 aedes,
1214 3479 1285 3565 quod

185 3552 235 3605 illa
254 3568 317 3637 pars
336 3555 441 3607 insulae
462 3558 618 3607 amoeniore
638 3556 736 3624 gaudet
755 3557 826 3617 aeris
845 3556 976 3623 temperie
995 3561 1022 3604 et
1038 3554 1196 3605 iucundiore
1220 3553 1283 3603 situ.

184 3626 315 3692 quocirca
336 3626 492 3695 frequenter
511 3643 544 3679 ex
565 3629 715 3695 propinquo
735 3628 767 3679 ad
788 3642 847 3677 euro
866 3625 992 3679 veniebat
1011 3624 1141 3693 Georgius
1149 3623 1284 3691 Lapithes,

185 3696 232 3763 qui
252 3711 353 3748 summa
370 3700 440 3765 apud
460 3714 517 3751 cum
533 3702 687 3751 reverentia
706 3707 785 3766 atquc
805 3699 908 3771 bonore
923 3696 1059 3748 fruebatur
1078 3711 1157 3765 quum
1176 3703 1285 3763 propter
1393 3692 1404 3702 ‘

184 3760 342 3834 dignitatem
360 3778 413 3820 tum
432 3779 542 3837 propter
559 3772 725 3837 sapientiam,
745 3786 796 3838 qua
814 3772 929 3820 omnium
948 3782 1061 3819 maxume
1071 3766 1205 3835 praeditus
1217 3775 1283 3819 erat

185 3854 235 3890 rex
255 3840 336 3891 etium
355 3843 414 3908 ipse
433 3842 605 3909 philosophia
626 3842 778 3893 Latinorum
798 3841 867 3893 baud
886 3840 1058 3891 mediocriter
1077 3847 1134 3891 erat
1151 3839 1284 3903 imbutus;

186 3909 233 3961 sed
239 3926 338 3985 quam
358 3928 419 3963 uam
451 3928 482 3965 ea
507 3916 539 3965 du
565 3929 644 3965 causa
670 3930 774 3981 semper
799 3912 927 3979 plurimos
950 3911 1109 3979 sapientium
1133 3910 1284 3963 Latinorum

186 3964 285 4033 circum
305 3998 335 4033 se
372 3983 476 4048 abebat,
495 3987 580 4053 magis
598 3993 685 4037 tamen
703 3984 886 4037 delectabatur
896 3982 1005 4051 Georgii
1025 3982 1188 4035 humanitate
1205 3990 1284 4067 atque

186 4056 392 4107 consuetudine.
413 4056 564 4123 ,sapientes
584 4058 662 4121 enim,
682 4058 777 4125 inquit,
796 4056 902 4122 tyranni
922 4056 1080 4122 sapientium
1098 4055 1285 4106 commercius

190 4139 248 4175 eum
266 4127 353 4211 igitur
371 4142 450 4195 quum
472 4144 561 4181 secum
581 4128 702 4192 baberet,
721 4128 848 4180 adductus
869 4135 918 4192 est,
939 4136 968 4178 ut
980 4135 1118 4195 utramque
1128 4128 1228 4193 pantes
1240 4140 1286 4178 sa

189 4198 317 4261 pientiam
340 4197 391 4249 sibi
411 4208 527 4265 pararet,
546 4200 706 4252 Graecorum
725 4198 832 4251 scilicet
850 4208 876 4252 et
893 4193 1055 4252 latinorum.
1075 4198 1206 4267 Georgius
1217 4212 1286 4248 enim

188 4268 366 4333 peritissimus
389 4278 446 4321 erat
463 4273 601 4339 utriusque
620 4272 768 4337 sapientiae
787 4286 819 4323 ac
837 4271 956 4340 linguae.
986 4285 1066 4338 quare
1085 4270 1209 4322 audiebat
1228 4279 1286 4320 eum

187 4352 236 4393 rex
245 4339 372 4394 lubenter
390 4356 479 4395 coram
498 4358 528 4397 se
546 4358 628 4413 saepe
649 4344 827 4412 disputantem
847 4359 907 4395 cum
925 4341 1089 4411 sapientibus
1098 4340 1207 4404 latims,
1220 4350 1289 4409 quos
