3184 5100
275 429 496 500 arescamus
523 391 783 503 smirnam
798 436 908 504 xxia
926 420 1113 551 49-51.
1191 434 1266 510 τοι

166 594 232 657 νιύν
253 586 351 669 αόθις
373 583 530 679 κραέῖησαι
550 601 729 683 συμβέβηκε
749 596 885 683 θρόνων,
911 602 1012 687 rqidd
1036 606 1182 693 Kosasbqt
1205 608 1268 670 Φι-

167 698 289 781 λοθέφ,
311 698 386 777 πρέν
407 698 592 780 αἰσθέσθαι,
611 702 765 783 λαμπρούς
798 703 920 765 ἐκεῖθεν
943 704 1145 790 α’περρϊφθιιτ
1166 704 1267 792 πόσης

164 790 344 878 ἱερωσύνης
367 792 518 878 γυμνόν,
546 796 591 871 ω“ς
613 798 812 884 εἰρήκειμεν,
841 800 1013 883 γρύμματο
1047 806 1157 891 έφοέτα
1179 808 1267 895 αύτῷ

166 894 246 976 πρός
267 897 331 959 τιύν
354 897 401 983 τρῖ
422 887 491 981 ὄρει
513 921 556 986 τρι
569 889 693 965 'Aaou
723 903 976 983 ένδιιιιτωμένων
1006 908 1228 985 μοναδικῶν’
1207 934 1266 973 οιν-

137 997 262 1079 5όρῶν,
284 998 436 1081 Νόφωνος
457 998 693 1119 κατηγρρούντύ
712 1025 795 1079 τινος
816 1006 877 1067 τῶν
900 1006 969 1067 έκεῖ
985 1010 1135 1089 μοναχῶν
1157 1004 1266 1091 ιτρέως

164 1096 335 1183 τούπέκλην
356 1097 566 1182 Σιορπιόυ,ι
547 1123 582 1173 ος
603 1077 894 1227 προκεκατηγόρητο
917 1101 978 1189 πρό
1000 1110 1140 1189 βραχέος
1155 1112 1207 1173 ἐπέ
1228 1110 1268 1195 τῇ
1317 1118 1326 1161 ¹,

164 1200 231 1263 sads
257 1202 482 1263 Μασαλιανούν
503 1202 560 1263 κατ’
579 1200 824 1284 Βογομέιλων
789 1207 930 1287 αιρέσει,
959 1210 1105 1283 σκιωδύς
1126 1232 1201 1295 πως,
1206 1205 1270 1271 κατ’

147 1293 362 1384 ἀμαρτύρως
384 1296 441 1363 έτι.
496 1297 599 1389 τούτῳ
619 1306 731 1383 μέντοι
757 1299 899 1391 φι’λος’
872 1328 916 1369 ων
937 1302 972 1369 da
1001 1313 1118 1371 πολλοῦ
1143 1307 1269 1373 Κάλλι-

164 1423 241 1475 στος
262 1400 339 1466 ouidi
361 1404 417 1465 νύν
438 1402 640 1528 πατριάρχης
667 1403 833 1488 γενόμενος
855 1407 912 1489 τῆς
932 1405 1036 1470 αύτού
1058 1412 1169 1492 φτλιάς
1189 1409 1269 1473 α’πέ-

116 1510 287 1585 longeio,
281 1500 381 1567 ctttd
403 1500 464 1582 μέα
486 1526 534 1577 τις
556 1497 595 1627 ην
614 1508 649 1569 έν
669 1505 794 1591 οἷμφοῖν
815 1508 917 1590 ψυχή.
970 1504 1020 1571 διό
1044 1510 1099 1573 κατ’
1119 1510 1268 1593 ω’ργέζετο

163 1611 230 1677 τοις
249 1604 458 1687 κατηγόροις,
479 1629 532 1668 και
552 1605 733 1689 α’ροιςεγγ
678 1610 851 1737 εγγρόφιηις
873 1632 926 1673 και
949 1607 1143 1693 α’φορισμοῖς
1165 1604 1270 1673 καθύ-

164 1707 284 1784 πέβαλε
305 1708 361 1768 κατ’
382 1704 482 1780 εἴτις
503 1705 553 1791 εἰη
575 1703 743 1772 πιστεύων.
773 1701 894 1794 έφόἶς
918 1707 1269 1792 παροξυνθέντεςέκεῖ-
1379 1716 1386 1723 ’

163 1826 227 1880 νοι,
247 1797 345 1869 κατ’“
325 1830 394 1885 αμα
417 1802 452 1869 τό
474 1801 636 1891 θόρρος”
616 1830 739 1889 εχοντες
762 1809 797 1872 έν
828 1811 884 1891 τῆς
904 1810 1069 1893 α’ληθεέιις,
1091 1808 1267 1894 συνεληλύ-

138 1908 266 1986 ,θισον
286 1909 320 1971 έκ
342 1904 566 1989 συνθήματος,
593 1911 644 1992 ἐφ’
671 1899 770 1995 ούπερ
792 1906 868 1985 έθος
899 1902 937 1992 ἧν
960 1908 1114 1986 κάκείνοις
1136 1912 1189 1974 οιέό
1207 1934 1267 1975 συ·

117 2020 153 2073 15
162 2000 289 2080 νιόντος
310 2013 473 2073 ποιεῖσθαι
488 2005 527 2073 τύ
544 2011 649 2073 τοιαδὶ
668 2013 731 2074 τιύν
747 2009 946 2092 σκεμμάτων.
989 2014 1045 2075 κοτ’
1064 2009 1161 2091 τόμος
1184 2014 1268 2077 ἐκτό-

160 2110 257 2171 θεται
275 2115 345 2182 ταῖς
365 2108 514 2174 ύπιὶντων
534 2108 661 2174 ἐκείνων
681 2114 876 2197 μαρτυρίαις
899 2114 1156 2195 συνειλημμένος,
1179 2110 1268 2177 τότε
1332 2173 1338 2183 ,

163 2200 247 2271 ἄλλα
270 2210 373 2293 δηλῶν
392 2215 448 2275 κατ’
469 2206 516 2276 ότι
539 2210 579 2275 ου’
600 2214 663 2276 ταῖν
683 2210 746 2275 α’πό
777 2213 878 2296 τύχης
902 2216 958 2276 κατ’
986 2216 1049 2277 τοῖν
1070 2216 1102 2290 έξ
1125 2212 1268 2293 ου’τομοί-

107 2374 116 2393 s
146 2333 220 2389 ,του
251 2315 442 2392 συμπίπτειν
477 2311 653 2377 δοκούντων
681 2316 714 2377 ἓν
742 2339 774 2378 τι
803 2318 858 2378 κατ’
889 2311 924 2379 τό
956 2315 1012 2378 νύν
1051 2318 1268 2397 πεπραγμένον
1348 2334 1351 2341 ·

160 2405 322 2494 ύπὲηρχεν,
350 2416 404 2477 ἵνα
424 2417 480 2476 κατ’
506 2417 580 2502 σιγῇ
603 2416 748 2489 δεδωκώς
768 2439 825 2490 τις.
851 2408 1015 2499 ἀθόρυβον
1040 2418 1103 2502 σχῇ
1125 2413 1269 2489 συνειδὸς

113 2511 219 2586 γοναὶ
236 2515 372 2602 μηδαμῇ
395 2512 452 2599 την
472 2517 607 2600 καρδίαν
633 2515 808 2582 καθεύδειν
832 2515 887 2581 κατ’
916 2516 1047 2601 ἠρεμεῖν
1072 2518 1269 2599 βουλομένην

163 2614 410 2698 α’ναμοχλεύον,
440 2615 525 2682 silici
561 2623 641 2682 θεοιτ
672 2622 845 2705 προφανοῦς
873 2621 930 2684 τού
958 2616 996 2684 τό
1031 2619 1154 2704 κρύφια
1187 2619 1269 2699 δῆλα

164 2715 317 2799 δρῶντος,
337 2714 431 2782 ὁπότε
451 2717 601 2798 βούλοιτο
616 2715 745 2786 σύνεσιν
758 2722 918 2793 ἐντιθέναι
940 2708 986 2797 οἷς
1002 2713 1161 2794 ἇσννέτως
1183 2713 1269 2798 ἔχειν

816 2847 819 2856 “
933 2845 948 2874 0

167 3055 258 3107 cinam
276 3063 366 3108 antem
385 3055 555 3109 Philotlseum
574 3057 727 3126 priusquam
754 3058 867 3110 sentiret
892 3056 1030 3124 splendide
1049 3073 1081 3108 ac
1102 3073 1161 3108 cam
1182 3055 1269 3126 gloria

167 3129 232 3180 inde
254 3128 365 3193 eiicere,
384 3130 456 3180 omni
476 3129 627 3181 sacerdotio
647 3130 800 3197 spoliatum,
820 3137 849 3180 ut
868 3131 990 3192 diximus,
1012 3128 1115 3180 litteras
1137 3129 1162 3178 ei
1180 3127 1269 3179 attulit

165 3201 202 3252 ab
219 3200 429 3252 inhabitantibus
447 3201 580 3254 Athonem
599 3209 715 3253 montem
736 3203 803 3254 viris
827 3199 965 3264 solitariis,
985 3207 1140 3250 accusantes
1160 3199 1266 3266 Nipbo.

165 3288 228 3323 nem
246 3273 377 3341 quendam
397 3289 431 3324 ex
448 3272 505 3324 illia
523 3273 661 3325 monacbis
681 3273 849 3325 sacerdotem
868 3273 1027 3340 cognomine
1047 3270 1201 3336 Scorpium:
1222 3271 1267 3336 qui

165 3352 245 3395 antea
265 3351 404 3396 accusatus
423 3345 511 3400 tuerat
528 3346 608 3412 paulo
628 3346 701 3412 prius
722 3348 831 3413 propter
852 3342 1069 3398 blassalianoruus
1092 3350 1118 3392 et
1137 3341 1268 3411 bogomi-

165 3415 253 3467 lorum
273 3415 398 3466 haeresin
418 3416 487 3468 clam
506 3417 573 3468 abiit
592 3425 619 3467 et
636 3418 698 3469 siue
714 3418 848 3480 testibus3
878 3415 940 3466 huic
960 3414 1066 3482 quidem
1084 3415 1184 3464 amicus
1204 3425 1268 3465 saue

167 3495 226 3538 erat
244 3487 327 3538 multo
350 3503 385 3538 ex
412 3496 534 3555 tempore
554 3488 700 3553 Callistus,
731 3505 821 3573 aeque
839 3503 910 3540 nuuc
933 3484 1084 3553 patriarcba
1104 3485 1189 3537 lactus
1210 3484 1268 3534 eius

167 3560 291 3610 amicitia
305 3559 447 3622 abstinuit3
470 3561 518 3612 sed
536 3577 604 3612 nnus
624 3561 682 3612 fere
702 3569 759 3612 erat
779 3562 807 3612 iu
826 3568 940 3626 atroque
959 3557 1070 3608 animus.
1100 3555 1270 3624 quamobrem

168 3632 248 3682 etiam
267 3630 432 3684 irascebatur
452 3633 652 3684 accusatoribus
678 3641 704 3684 et
723 3633 787 3685 diris
806 3631 983 3716 imprecandis
1002 3636 1083 3696 atquc
1105 3627 1269 3678 condemna-

167 3703 286 3754 tionibus
305 3702 420 3755 subiecit
439 3711 466 3754 et
483 3706 507 3755 si
526 3705 586 3772 quis
605 3705 683 3756 iidem
702 3704 845 3756 baberet
838 3705 888 3767 ris,
908 3703 941 3754 dc
962 3701 1056 3768 quibus
1079 3700 1150 3750 iuter
1178 3697 1270 3748 irritu-

168 3773 292 3826 tosillas
313 3782 339 3825 et
357 3774 438 3826 simul
457 3778 617 3828 exsaritate
637 3776 751 3828 animum
771 3775 902 3827 habentes
913 3773 1041 3825 convenit
1060 3785 1093 3823 ex
1112 3769 1268 3837 composito.

167 3859 220 3913 quo
241 3854 362 3912 tempore
387 3847 467 3898 etlam
490 3862 547 3898 mos
572 3855 629 3899 erat
647 3846 723 3911 illis,
755 3861 863 3930 semper
881 3843 1074 3897 convenientes
1094 3843 1185 3894 lacero
1203 3839 1271 3892 tales

168 3917 372 3984 disquisitiones
394 3926 421 3969 et
437 3927 525 3970 tonsus
545 3919 688 4003 exponitur
706 3884 739 3970 de
758 3919 875 3969 omnium
896 3916 1004 3968 illorum
1022 3915 1183 3967 testimoniis
1203 3927 1271 3963 con-

169 3996 275 4054 ceptus,
293 3990 322 4039 in
342 3991 443 4041 ceteris
460 3992 539 4042 etiam
558 3991 700 4057 aperiens,
728 4005 783 4042 nort
805 3989 890 4042 exiis
910 4003 979 4057 quae
999 3987 1109 4038 fortuito
1130 3994 1157 4037 et
1175 3990 1271 4053 sponte

168 4059 294 4110 accidere
313 4061 440 4112 videntur
458 4078 539 4113 unum
560 4062 682 4130 quiddam
706 4077 778 4114 nunc
795 4075 903 4130 quoque
924 4075 983 4111 esse
1012 4058 1126 4122 factum3
1144 4065 1174 4108 ut
1193 4057 1272 4107 etiam

169 4130 280 4182 silentio
299 4130 414 4198 largitus
432 4134 529 4201 aliquis
548 4133 694 4200 tranquilla
711 4141 832 4185 uteretur
853 4131 1029 4195 conscientia,
1048 4145 1100 4182 aec
1117 4129 1174 4181 ullo
1193 4127 1271 4200 modo

169 4203 287 4254 animum
306 4204 422 4256 dormire
442 4214 469 4257 et
488 4206 623 4257 desertum
643 4220 703 4257 esse
721 4205 859 4257 volentem
886 4204 1030 4256 oscitante.
1068 4202 1116 4254 sad
1133 4202 1198 4252 deus
1217 4192 1273 4249 sci-

167 4274 236 4326 licet
254 4276 362 4328 occulta
381 4285 474 4344 aperta
493 4279 589 4342 reddit,
609 4279 824 4347 quotiescunque
850 4277 907 4329 vult
924 4275 1107 4342 intelligentia
1136 4269 1274 4337 impertire

170 4361 229 4414 eos,
248 4348 348 4418 quibas
366 4356 470 4404 utnon
486 4357 597 4404 teneant
623 4363 714 4405 maur
731 4350 775 4404 dci
800 4349 982 4418 cognitionem
1001 4345 1108 4398 acmdit.
1144 4351 1175 4394 ut
1190 4338 1274 4392 ulmi·
