<?xml version="1.0" encoding="UTF-8"?>
<!DOCTYPE html PUBLIC "-//W3C//DTD XHTML 1.0 Transitional//EN"
    "http://www.w3.org/TR/xhtml1/DTD/xhtml1-transitional.dtd">
<html xmlns="http://www.w3.org/1999/xhtml" xml:lang="en" lang="en">
 <head>
  <title>
</title>
<meta http-equiv="Content-Type" content="text/html;charset=utf-8" />
  <meta name='ocr-system' content='tesseract 3.04.00' />
  <meta name='ocr-capabilities' content='ocr_page ocr_carea ocr_par ocr_line ocrx_word'/>
</head>
<body>
  <div class='ocr_page' id='page_1' title='image "./nicephorigregor04schogoog_0491.png"; bbox 0 0 3184 5100; ppageno 0'>
   <div class='ocr_carea' id='block_1_1' title="bbox 339 378 1126 465">
    <p class='ocr_par' dir='ltr' id='par_1_1' title="bbox 339 378 1126 465">
     <span class='ocr_line' id='line_1_1' title="bbox 339 378 1126 465; baseline -0.003 0"><span class='ocrx_word' id='word_1_1' title='bbox 339 378 415 465; x_wconf 74' lang='lat' dir='ltr'>deb</span> <span class='ocrx_word' id='word_1_2' title='bbox 535 387 539 394; x_wconf 76' lang='grc'><em>·</em></span> <span class='ocrx_word' id='word_1_3' title='bbox 639 393 867 463; x_wconf 79' lang='lat' dir='ltr'>mearaom</span> <span class='ocrx_word' id='word_1_4' title='bbox 896 391 1126 463; x_wconf 70' lang='lat' dir='ltr'>minuata</span> 
     </span>
    </p>
   </div>
   <div class='ocr_carea' id='block_1_2' title="bbox 272 548 1480 2760">
    <p class='ocr_par' dir='ltr' id='par_1_2' title="bbox 336 548 1475 1350">
     <span class='ocr_line' id='line_1_2' title="bbox 339 548 1460 646; baseline -0.011 -19"><span class='ocrx_word' id='word_1_5' title='bbox 339 561 396 627; x_wconf 80' lang='grc' dir='ltr'><strong><em>καί</em></strong></span> <span class='ocrx_word' id='word_1_6' title='bbox 417 551 484 625; x_wconf 82' lang='grc' dir='ltr'><strong><em>οἷον</em></strong></span> <span class='ocrx_word' id='word_1_7' title='bbox 511 560 558 636; x_wconf 84' lang='grc' dir='ltr'>εἷς</span> <span class='ocrx_word' id='word_1_8' title='bbox 578 556 675 646; x_wconf 83' lang='grc' dir='ltr'><strong><em>φόσιν</em></strong></span> <span class='ocrx_word' id='word_1_9' title='bbox 698 555 798 644; x_wconf 67' lang='lat' dir='ltr'>todem</span> <span class='ocrx_word' id='word_1_10' title='bbox 826 555 1044 642; x_wconf 70' lang='lat' dir='ltr'>peradipdc&#39;u3</span> <span class='ocrx_word' id='word_1_11' title='bbox 1075 550 1188 619; x_wconf 73' lang='grc' dir='ltr'><strong><em>διελών</em></strong></span> <span class='ocrx_word' id='word_1_12' title='bbox 1216 548 1280 639; x_wconf 76' lang='grc' dir='ltr'><strong><em>γὰρ</em></strong></span> <span class='ocrx_word' id='word_1_13' title='bbox 1306 551 1395 638; x_wconf 78' lang='grc' dir='ltr'><strong><em>διχῆ</em></strong></span> <span class='ocrx_word' id='word_1_14' title='bbox 1425 550 1460 615; x_wconf 90' lang='grc' dir='ltr'>τό</span> 
     </span>
     <span class='ocr_line' id='line_1_3' title="bbox 340 648 1460 745; baseline -0.014 -16"><span class='ocrx_word' id='word_1_15' title='bbox 340 661 471 742; x_wconf 79' lang='grc' dir='ltr'><strong><em>συνεχὲς</em></strong></span> <span class='ocrx_word' id='word_1_16' title='bbox 490 661 547 745; x_wconf 88' lang='grc' dir='ltr'>τῆς</span> <span class='ocrx_word' id='word_1_17' title='bbox 568 657 707 736; x_wconf 73' lang='grc' dir='ltr'><strong><em>ἑννοίας,</em></strong></span> <span class='ocrx_word' id='word_1_18' title='bbox 728 658 783 727; x_wconf 79' lang='grc' dir='ltr'><strong><em>καὶ</em></strong></span> <span class='ocrx_word' id='word_1_19' title='bbox 807 654 943 742; x_wconf 86' lang='grc' dir='ltr'><strong><em>θάτερον</em></strong></span> <span class='ocrx_word' id='word_1_20' title='bbox 974 653 1170 743; x_wconf 68' lang='grc' dir='ltr'><strong><em>ὑφελόμενος</em></strong></span> <span class='ocrx_word' id='word_1_21' title='bbox 1186 655 1314 737; x_wconf 89' lang='grc' dir='ltr'><strong><em>τμῆμα,</em></strong></span> <span class='ocrx_word' id='word_1_22' title='bbox 1336 648 1460 736; x_wconf 82' lang='grc' dir='ltr'><strong><em>ἤμιέρ-</em></strong></span> 
     </span>
     <span class='ocr_line' id='line_1_4' title="bbox 337 747 1460 848; baseline -0.012 -20"><span class='ocrx_word' id='word_1_23' title='bbox 337 762 394 848; x_wconf 73' lang='lat' dir='ltr'>yda</span> <span class='ocrx_word' id='word_1_24' title='bbox 413 786 483 827; x_wconf 91' lang='grc' dir='ltr'><strong><em>τινα</em></strong></span> <span class='ocrx_word' id='word_1_25' title='bbox 505 762 561 827; x_wconf 85' lang='grc' dir='ltr'><strong><em>καί</em></strong></span> <span class='ocrx_word' id='word_1_26' title='bbox 587 760 684 846; x_wconf 88' lang='grc' dir='ltr'><strong><em>ἀτελῆ</em></strong></span> <span class='ocrx_word' id='word_1_27' title='bbox 713 758 770 845; x_wconf 81' lang='grc' dir='ltr'>τῆν</span> <span class='ocrx_word' id='word_1_28' title='bbox 796 760 854 823; x_wconf 77' lang='grc' dir='ltr'>τοῦ</span> <span class='ocrx_word' id='word_1_29' title='bbox 881 756 974 848; x_wconf 67' lang='grc' dir='ltr'><strong><em>λόγου</em></strong></span> <span class='ocrx_word' id='word_1_30' title='bbox 999 755 1224 821; x_wconf 75' lang='grc' dir='ltr'><strong><em>καταλέλοιπεν</em></strong></span> <span class='ocrx_word' id='word_1_31' title='bbox 1245 747 1460 837; x_wconf 74' lang='grc' dir='ltr'><strong><em>ἑκατέρωθεν</em></strong></span> 
     </span>
     <span class='ocr_line' id='line_1_5' title="bbox 339 851 1457 949; baseline -0.011 -22"><span class='ocrx_word' id='word_1_32' title='bbox 339 857 519 949; x_wconf 70' lang='grc' dir='ltr'><em>ἑκατέρωθι</em></span> <span class='ocrx_word' id='word_1_33' title='bbox 539 863 645 949; x_wconf 87' lang='grc' dir='ltr'><strong><em>φόσιν,</em></strong></span> <span class='ocrx_word' id='word_1_34' title='bbox 667 859 724 925; x_wconf 72' lang='lat' dir='ltr'>oin</span> <span class='ocrx_word' id='word_1_35' title='bbox 742 854 804 927; x_wconf 81' lang='grc' dir='ltr'><strong><em>οἶδ’</em></strong></span> <span class='ocrx_word' id='word_1_36' title='bbox 824 856 987 943; x_wconf 77' lang='grc' dir='ltr'><strong><em>ὁπότερον,</em></strong></span> <span class='ocrx_word' id='word_1_37' title='bbox 1010 855 1066 921; x_wconf 81' lang='grc' dir='ltr'><strong><em>εἴτ’</em></strong></span> <span class='ocrx_word' id='word_1_38' title='bbox 1087 858 1120 934; x_wconf 86' lang='grc' dir='ltr'>εξ</span> <span class='ocrx_word' id='word_1_39' title='bbox 1144 855 1295 939; x_wconf 85' lang='grc' dir='ltr'><strong><em>ἀμαθίας</em></strong></span> <span class='ocrx_word' id='word_1_40' title='bbox 1320 851 1457 937; x_wconf 77' lang='grc' dir='ltr'><strong><em>ῆλικαό</em></strong></span> 
     </span>
     <span class='ocr_line' id='line_1_6' title="bbox 336 952 1475 1048; baseline -0.011 -18"><span class='ocrx_word' id='word_1_41' title='bbox 336 966 433 1042; x_wconf 87' lang='grc' dir='ltr'><strong><em>τιδος,</em></strong></span> <span class='ocrx_word' id='word_1_42' title='bbox 453 961 515 1033; x_wconf 88' lang='grc' dir='ltr'><strong><em>εἴτε</em></strong></span> <span class='ocrx_word' id='word_1_43' title='bbox 534 964 658 1048; x_wconf 79' lang='grc' dir='ltr'><strong><em>βλάβην</em></strong></span> <span class='ocrx_word' id='word_1_44' title='bbox 678 958 892 1036; x_wconf 78' lang='grc' dir='ltr'><strong><em>όπωπτευκώς</em></strong></span> <span class='ocrx_word' id='word_1_45' title='bbox 919 952 1034 1045; x_wconf 76' lang='grc' dir='ltr'><strong><em>ἑαυτῷ.</em></strong></span> <span class='ocrx_word' id='word_1_46' title='bbox 1089 954 1176 1039; x_wconf 79' lang='grc' dir='ltr'><strong><em>ὅμως</em></strong></span> <span class='ocrx_word' id='word_1_47' title='bbox 1207 954 1291 1020; x_wconf 84' lang='grc' dir='ltr'><strong><em>αάτόι</em></strong></span> <span class='ocrx_word' id='word_1_48' title='bbox 1329 954 1475 1039; x_wconf 68' lang='grc' dir='ltr'><strong><em>δήπου-ς</em></strong></span> 
     </span>
     <span class='ocr_line' id='line_1_7' title="bbox 338 1055 1457 1151; baseline -0.011 -21"><span class='ocrx_word' id='word_1_49' title='bbox 338 1068 396 1131; x_wconf 87' lang='grc' dir='ltr'>θεν</span> <span class='ocrx_word' id='word_1_50' title='bbox 428 1061 451 1129; x_wconf 84' lang='grc' dir='ltr'><strong><em>ἀ</em></strong></span> <span class='ocrx_word' id='word_1_51' title='bbox 473 1062 624 1151; x_wconf 75' lang='grc' dir='ltr'><strong><em>διῄρηται</em></strong></span> <span class='ocrx_word' id='word_1_52' title='bbox 650 1061 752 1149; x_wconf 74' lang='grc' dir='ltr'><strong><em>αὐτῷ,</em></strong></span> <span class='ocrx_word' id='word_1_53' title='bbox 781 1058 990 1147; x_wconf 57' lang='grc' dir='ltr'><strong><em>παροφθέντα</em></strong></span> <span class='ocrx_word' id='word_1_54' title='bbox 1012 1060 1146 1144; x_wconf 75' lang='grc' dir='ltr'>μηνύσει</span> <span class='ocrx_word' id='word_1_55' title='bbox 1179 1055 1214 1122; x_wconf 88' lang='grc' dir='ltr'>τό</span> <span class='ocrx_word' id='word_1_56' title='bbox 1236 1058 1378 1145; x_wconf 78' lang='grc' dir='ltr'><strong><em>δρᾶμα,</em></strong></span> <span class='ocrx_word' id='word_1_57' title='bbox 1405 1058 1457 1139; x_wconf 84' lang='grc' dir='ltr'>τῆς</span> 
     </span>
     <span class='ocr_line' id='line_1_8' title="bbox 340 1151 1455 1252; baseline -0.011 -21"><span class='ocrx_word' id='word_1_58' title='bbox 340 1164 528 1252; x_wconf 77' lang='grc' dir='ltr'><strong><em>διαιρέσεως</em></strong></span> <span class='ocrx_word' id='word_1_59' title='bbox 547 1164 753 1248; x_wconf 76' lang='grc' dir='ltr'><strong><em>ἐξωσθείσης.</em></strong></span> <span class='ocrx_word' id='word_1_60' title='bbox 793 1162 863 1243; x_wconf 78' lang='grc' dir='ltr'><strong><em>ἔχει</em></strong></span> <span class='ocrx_word' id='word_1_61' title='bbox 882 1158 944 1246; x_wconf 74' lang='grc' dir='ltr'><strong><em>γὰρ</em></strong></span> <span class='ocrx_word' id='word_1_62' title='bbox 968 1157 1111 1225; x_wconf 81' lang='grc' dir='ltr'><strong><em>οὖτασίν.</em></strong></span> <span class='ocrx_word' id='word_1_63' title='bbox 1160 1156 1199 1223; x_wconf 77' lang='lat' dir='ltr'>“d</span> <span class='ocrx_word' id='word_1_64' title='bbox 1221 1151 1394 1235; x_wconf 79' lang='grc' dir='ltr'><strong><em>τοῖςόόσι</em></strong></span> <span class='ocrx_word' id='word_1_65' title='bbox 1414 1155 1455 1241; x_wconf 76' lang='grc' dir='ltr'>μὴ</span> 
     </span>
     <span class='ocr_line' id='line_1_9' title="bbox 338 1256 1454 1350; baseline -0.009 -19"><span class='ocrx_word' id='word_1_66' title='bbox 338 1269 407 1331; x_wconf 59' lang='grc' dir='ltr'><strong><em>κατ’</em></strong></span> <span class='ocrx_word' id='word_1_67' title='bbox 424 1264 535 1337; x_wconf 83' lang='grc' dir='ltr'><strong><em>οάσίαν</em></strong></span> <span class='ocrx_word' id='word_1_68' title='bbox 555 1261 711 1350; x_wconf 74' lang='grc' dir='ltr'><strong><em>ὑπάρχων</em></strong></span> <span class='ocrx_word' id='word_1_69' title='bbox 735 1262 907 1346; x_wconf 87' lang='grc' dir='ltr'><strong><em>μεθεκτός,</em></strong></span> <span class='ocrx_word' id='word_1_70' title='bbox 937 1266 1004 1327; x_wconf 62' lang='grc' dir='ltr'><strong><em>κατ’</em></strong></span> <span class='ocrx_word' id='word_1_71' title='bbox 1037 1256 1134 1325; x_wconf 81' lang='grc' dir='ltr'><strong><em>ἀλλον</em></strong></span> <span class='ocrx_word' id='word_1_72' title='bbox 1156 1260 1192 1325; x_wconf 82' lang='grc' dir='ltr'>δὲ</span> <span class='ocrx_word' id='word_1_73' title='bbox 1211 1258 1337 1345; x_wconf 80' lang='grc' dir='ltr'><strong><em>τρόπον</em></strong></span> <span class='ocrx_word' id='word_1_74' title='bbox 1361 1257 1454 1341; x_wconf 81' lang='grc' dir='ltr'><strong><em>μετί-</em></strong></span> 
     </span>
    </p>

    <p class='ocr_par' dir='ltr' id='par_1_3' title="bbox 272 1357 1480 1758">
     <span class='ocr_line' id='line_1_10' title="bbox 272 1357 1452 1451; baseline -0.01 -18"><span class='ocrx_word' id='word_1_75' title='bbox 272 1372 328 1427; x_wconf 74' lang='grc' dir='ltr'>ΙΙ</span> <span class='ocrx_word' id='word_1_76' title='bbox 336 1372 460 1451; x_wconf 85' lang='grc' dir='ltr'><strong><em>χεσθαι</em></strong></span> <span class='ocrx_word' id='word_1_77' title='bbox 482 1373 547 1444; x_wconf 84' lang='grc' dir='ltr'><strong><em>τοῖς</em></strong></span> <span class='ocrx_word' id='word_1_78' title='bbox 570 1364 757 1448; x_wconf 75' lang='grc' dir='ltr'><strong><em>δυναμένοις</em></strong></span> <span class='ocrx_word' id='word_1_79' title='bbox 777 1362 978 1446; x_wconf 80' lang='grc' dir='ltr'><strong><em>βουλόμενος,</em></strong></span> <span class='ocrx_word' id='word_1_80' title='bbox 1000 1363 1056 1427; x_wconf 78' lang='grc' dir='ltr'>τοῦ</span> <span class='ocrx_word' id='word_1_81' title='bbox 1079 1362 1148 1425; x_wconf 88' lang='grc' dir='ltr'><strong><em>κατ’</em></strong></span> <span class='ocrx_word' id='word_1_82' title='bbox 1172 1357 1284 1425; x_wconf 74' lang='grc' dir='ltr'><strong><em>οὐσίαν</em></strong></span> <span class='ocrx_word' id='word_1_83' title='bbox 1305 1359 1452 1446; x_wconf 91' lang='grc' dir='ltr'><strong><em>κρυφίου</em></strong></span> 
     </span>
     <span class='ocr_line' id='line_1_11' title="bbox 340 1458 1480 1546; baseline -0.01 -12"><span class='ocrx_word' id='word_1_84' title='bbox 340 1470 502 1543; x_wconf 74' lang='grc' dir='ltr'><strong><em>παντελῶς</em></strong></span> <span class='ocrx_word' id='word_1_85' title='bbox 522 1465 577 1533; x_wconf 77' lang='lat' dir='ltr'>oin</span> <span class='ocrx_word' id='word_1_86' title='bbox 601 1462 789 1544; x_wconf 58' lang='lat' dir='ltr'>reamare?</span> <span class='ocrx_word' id='word_1_87' title='bbox 820 1463 960 1529; x_wconf 77' lang='grc' dir='ltr'><strong><em>ἒυταῦθά</em></strong></span> <span class='ocrx_word' id='word_1_88' title='bbox 981 1461 1010 1529; x_wconf 79' lang='grc' dir='ltr'><strong><em>οἱ</em></strong></span> <span class='ocrx_word' id='word_1_89' title='bbox 1022 1462 1057 1529; x_wconf 89' lang='grc' dir='ltr'>τό</span> <span class='ocrx_word' id='word_1_90' title='bbox 1080 1465 1148 1527; x_wconf 87' lang='grc' dir='ltr'><strong><em>κοτ’</em></strong></span> <span class='ocrx_word' id='word_1_91' title='bbox 1174 1458 1480 1546; x_wconf 60' lang='grc' dir='ltr'><strong><em>ου’σίανρκρόφιονιλ</em></strong></span> 
     </span>
     <span class='ocr_line' id='line_1_12' title="bbox 340 1562 1452 1652; baseline -0.011 -19"><span class='ocrx_word' id='word_1_92' title='bbox 340 1569 513 1635; x_wconf 75' lang='grc' dir='ltr'><strong><em>ἀκούσαντι</em></strong></span> <span class='ocrx_word' id='word_1_93' title='bbox 545 1566 697 1652; x_wconf 76' lang='grc' dir='ltr'><strong><em>ἀποχρῶν</em></strong></span> <span class='ocrx_word' id='word_1_94' title='bbox 716 1567 872 1649; x_wconf 72' lang='grc' dir='ltr'><strong><em>ἐνομίσθη</em></strong></span> <span class='ocrx_word' id='word_1_95' title='bbox 892 1562 952 1649; x_wconf 58' lang='grc' dir='ltr'>Αμῆ</span> <span class='ocrx_word' id='word_1_96' title='bbox 972 1564 1067 1629; x_wconf 80' lang='grc' dir='ltr'><strong><em>πλέον</em></strong></span> <span class='ocrx_word' id='word_1_97' title='bbox 1093 1566 1214 1648; x_wconf 83' lang='grc' dir='ltr'><strong><em>ζητεῖν·</em></strong></span> <span class='ocrx_word' id='word_1_98' title='bbox 1268 1565 1452 1625; x_wconf 85' lang='grc' dir='ltr'><strong><em>λυσιτελεῖν</em></strong></span> 
     </span>
     <span class='ocr_line' id='line_1_13' title="bbox 339 1658 1451 1758; baseline -0.011 -23"><span class='ocrx_word' id='word_1_99' title='bbox 339 1670 410 1758; x_wconf 74' lang='grc' dir='ltr'>η’όιρΙ</span> <span class='ocrx_word' id='word_1_100' title='bbox 423 1672 545 1754; x_wconf 80' lang='grc' dir='ltr'><strong><em>μᾶλλον</em></strong></span> <span class='ocrx_word' id='word_1_101' title='bbox 557 1667 647 1746; x_wconf 81' lang='grc' dir='ltr'><strong><em>ἔδοξε</em></strong></span> <span class='ocrx_word' id='word_1_102' title='bbox 659 1660 757 1744; x_wconf 85' lang='grc' dir='ltr'><strong><em>τουτί,</em></strong></span> <span class='ocrx_word' id='word_1_103' title='bbox 778 1667 925 1749; x_wconf 84' lang='grc' dir='ltr'><strong><em>μονωθὲν</em></strong></span> <span class='ocrx_word' id='word_1_104' title='bbox 946 1667 1008 1731; x_wconf 72' lang='grc' dir='ltr'><strong><em>τοῖν</em></strong></span> <span class='ocrx_word' id='word_1_105' title='bbox 1031 1658 1112 1748; x_wconf 68' lang='grc' dir='ltr'><strong><em>ἑξῆς,</em></strong></span> <span class='ocrx_word' id='word_1_106' title='bbox 1134 1663 1215 1749; x_wconf 93' lang='grc' dir='ltr'><strong><em>πρός</em></strong></span> <span class='ocrx_word' id='word_1_107' title='bbox 1234 1684 1270 1747; x_wconf 77' lang='grc' dir='ltr'>με</span> <span class='ocrx_word' id='word_1_108' title='bbox 1289 1660 1330 1725; x_wconf 86' lang='grc' dir='ltr'>τό</span> <span class='ocrx_word' id='word_1_109' title='bbox 1358 1659 1451 1725; x_wconf 86' lang='grc' dir='ltr'><strong><em>ἀνυό-</em></strong></span> 
     </span>
    </p>

    <p class='ocr_par' dir='ltr' id='par_1_4' title="bbox 277 1763 1480 2259">
     <span class='ocr_line' id='line_1_14' title="bbox 277 1763 1452 1855; baseline -0.012 -18"><span class='ocrx_word' id='word_1_110' title='bbox 277 1811 284 1821; x_wconf 94' lang='grc'><strong>-</strong></span> <span class='ocrx_word' id='word_1_111' title='bbox 342 1794 413 1837; x_wconf 87' lang='grc' dir='ltr'><strong><em>σιον</em></strong></span> <span class='ocrx_word' id='word_1_112' title='bbox 436 1770 647 1855; x_wconf 78' lang='grc' dir='ltr'><strong><em>ἐλλελεῖφθαι</em></strong></span> <span class='ocrx_word' id='word_1_113' title='bbox 657 1764 693 1832; x_wconf 91' lang='grc' dir='ltr'>τό</span> <span class='ocrx_word' id='word_1_114' title='bbox 714 1768 886 1851; x_wconf 78' lang='grc' dir='ltr'><strong><em>τηνικαῦτα</em></strong></span> <span class='ocrx_word' id='word_1_115' title='bbox 896 1764 1062 1851; x_wconf 70' lang='grc' dir='ltr'><strong><em>γενόμενον</em></strong></span> <span class='ocrx_word' id='word_1_116' title='bbox 1084 1764 1185 1828; x_wconf 79' lang='grc' dir='ltr'><strong><em>ἐκεῖνο</em></strong></span> <span class='ocrx_word' id='word_1_117' title='bbox 1200 1764 1271 1848; x_wconf 70' lang='lat' dir='ltr'>speie</span> <span class='ocrx_word' id='word_1_118' title='bbox 1292 1763 1452 1847; x_wconf 79' lang='grc' dir='ltr'><strong><em>ἐξαίφνης</em></strong></span> 
     </span>
     <span class='ocr_line' id='line_1_15' title="bbox 342 1857 1452 1957; baseline -0.014 -20"><span class='ocrx_word' id='word_1_119' title='bbox 342 1873 377 1937; x_wconf 74' lang='grc' dir='ltr'>ἓν</span> <span class='ocrx_word' id='word_1_120' title='bbox 396 1867 467 1957; x_wconf 82' lang='grc' dir='ltr'><strong><em>ὄρει</em></strong></span> <span class='ocrx_word' id='word_1_121' title='bbox 486 1873 533 1957; x_wconf 56' lang='lat' dir='ltr'>ord</span> <span class='ocrx_word' id='word_1_122' title='bbox 558 1868 720 1954; x_wconf 77' lang='grc' dir='ltr'><strong><em>Θαβωρίιρ</em></strong></span> <span class='ocrx_word' id='word_1_123' title='bbox 742 1864 824 1953; x_wconf 86' lang='grc' dir='ltr'><strong><em>πρός</em></strong></span> <span class='ocrx_word' id='word_1_124' title='bbox 844 1869 900 1931; x_wconf 78' lang='grc' dir='ltr'>τοῦ</span> <span class='ocrx_word' id='word_1_125' title='bbox 922 1868 1064 1953; x_wconf 85' lang='grc' dir='ltr'><strong><em>σωτῆρος</em></strong></span> <span class='ocrx_word' id='word_1_126' title='bbox 1088 1865 1233 1950; x_wconf 80' lang='grc' dir='ltr'><strong><em>Χριστοῦ</em></strong></span> <span class='ocrx_word' id='word_1_127' title='bbox 1254 1862 1314 1927; x_wconf 87' lang='grc' dir='ltr'><strong><em>καί</em></strong></span> <span class='ocrx_word' id='word_1_128' title='bbox 1337 1857 1452 1926; x_wconf 77' lang='grc' dir='ltr'><strong><em>ἐκστάν</em></strong></span> 
     </span>
     <span class='ocr_line' id='line_1_16' title="bbox 341 1960 1480 2056; baseline -0.012 -18"><span class='ocrx_word' id='word_1_129' title='bbox 341 1974 488 2038; x_wconf 72' lang='grc' dir='ltr'><strong><em>πρόνοι’</em></strong></span> <span class='ocrx_word' id='word_1_130' title='bbox 509 1969 621 2036; x_wconf 71' lang='grc' dir='ltr'><strong><em>οὖσιον</em></strong></span> <span class='ocrx_word' id='word_1_131' title='bbox 642 1968 784 2056; x_wconf 80' lang='grc' dir='ltr'><strong><em>κρυφίου</em></strong></span> <span class='ocrx_word' id='word_1_132' title='bbox 807 1963 895 2043; x_wconf 83' lang='grc' dir='ltr'><strong><em>ὄντος</em></strong></span> <span class='ocrx_word' id='word_1_133' title='bbox 924 1967 979 2032; x_wconf 82' lang='grc' dir='ltr'><strong><em>καί</em></strong></span> <span class='ocrx_word' id='word_1_134' title='bbox 998 1965 1148 2051; x_wconf 87' lang='grc' dir='ltr'><strong><em>μηδόλοις</em></strong></span> <span class='ocrx_word' id='word_1_135' title='bbox 1165 1962 1394 2046; x_wconf 75' lang='grc' dir='ltr'><strong><em>ἐξισταμένου,</em></strong></span> <span class='ocrx_word' id='word_1_136' title='bbox 1416 1960 1480 2033; x_wconf 70' lang='grc' dir='ltr'><strong><em>ἳνίι</em></strong></span> 
     </span>
     <span class='ocr_line' id='line_1_17' title="bbox 343 2062 1451 2157; baseline -0.01 -19"><span class='ocrx_word' id='word_1_137' title='bbox 343 2070 389 2149; x_wconf 76' lang='grc' dir='ltr'><strong><em>ὥς</em></strong></span> <span class='ocrx_word' id='word_1_138' title='bbox 409 2074 442 2151; x_wconf 79' lang='grc' dir='ltr'>ἐξ</span> <span class='ocrx_word' id='word_1_139' title='bbox 466 2070 663 2157; x_wconf 85' lang='grc' dir='ltr'><strong><em>όρμητηρίου</em></strong></span> <span class='ocrx_word' id='word_1_140' title='bbox 684 2071 782 2153; x_wconf 85' lang='grc' dir='ltr'><strong><em>δῆθεν</em></strong></span> <span class='ocrx_word' id='word_1_141' title='bbox 809 2070 866 2152; x_wconf 89' lang='grc' dir='ltr'>τῆς</span> <span class='ocrx_word' id='word_1_142' title='bbox 893 2071 949 2135; x_wconf 78' lang='grc' dir='ltr'>τοῦ</span> <span class='ocrx_word' id='word_1_143' title='bbox 972 2065 1066 2154; x_wconf 73' lang='grc' dir='ltr'><strong><em>ἀμίου</em></strong></span> <span class='ocrx_word' id='word_1_144' title='bbox 1090 2066 1204 2149; x_wconf 88' lang='grc' dir='ltr'><strong><em>τοότης</em></strong></span> <span class='ocrx_word' id='word_1_145' title='bbox 1235 2068 1375 2151; x_wconf 77' lang='grc' dir='ltr'><strong><em>γραφῆς</em></strong></span> <span class='ocrx_word' id='word_1_146' title='bbox 1401 2062 1451 2128; x_wconf 81' lang='grc' dir='ltr'><strong><em>δίο</em></strong></span> 
     </span>
     <span class='ocr_line' id='line_1_18' title="bbox 342 2165 1306 2259; baseline -0.005 -24"><span class='ocrx_word' id='word_1_147' title='bbox 342 2172 477 2259; x_wconf 83' lang='grc' dir='ltr'><strong><em>κηρόπη</em></strong></span> <span class='ocrx_word' id='word_1_148' title='bbox 499 2169 651 2255; x_wconf 86' lang='grc' dir='ltr'><strong><em>θεότητος</em></strong></span> <span class='ocrx_word' id='word_1_149' title='bbox 673 2167 840 2245; x_wconf 71' lang='grc' dir='ltr'><strong><em>ἀκτιλττους</em></strong></span> <span class='ocrx_word' id='word_1_150' title='bbox 862 2169 918 2235; x_wconf 83' lang='grc' dir='ltr'><strong><em>καί</em></strong></span> <span class='ocrx_word' id='word_1_151' title='bbox 947 2168 1126 2255; x_wconf 88' lang='grc' dir='ltr'><strong><em>διαφόρους</em></strong></span> <span class='ocrx_word' id='word_1_152' title='bbox 1150 2165 1306 2249; x_wconf 80' lang='grc' dir='ltr'><strong><em>ἀλλήλων.</em></strong></span> 
     </span>
    </p>

    <p class='ocr_par' dir='ltr' id='par_1_5' title="bbox 278 2260 1450 2358">
     <span class='ocr_line' id='line_1_19' title="bbox 278 2260 1450 2358; baseline -0.009 -23"><span class='ocrx_word' id='word_1_153' title='bbox 278 2281 334 2335; x_wconf 76' lang='lat'>1⁸</span> <span class='ocrx_word' id='word_1_154' title='bbox 434 2269 588 2358; x_wconf 70' lang='grc' dir='ltr'><strong><em>Ἔηνιοτε,</em></strong></span> <span class='ocrx_word' id='word_1_155' title='bbox 621 2262 649 2335; x_wconf 81' lang='lat' dir='ltr'>ed</span> <span class='ocrx_word' id='word_1_156' title='bbox 675 2260 779 2347; x_wconf 66' lang='lat' dir='ltr'>obses,</span> <span class='ocrx_word' id='word_1_157' title='bbox 802 2268 990 2347; x_wconf 77' lang='grc' dir='ltr'><strong><em>κάντεῦθεν,</em></strong></span> <span class='ocrx_word' id='word_1_158' title='bbox 1023 2270 1091 2344; x_wconf 75' lang='grc' dir='ltr'><strong><em>πῶς</em></strong></span> <span class='ocrx_word' id='word_1_159' title='bbox 1118 2270 1173 2351; x_wconf 87' lang='grc' dir='ltr'>τῆς</span> <span class='ocrx_word' id='word_1_160' title='bbox 1201 2263 1320 2349; x_wconf 78' lang='grc' dir='ltr'><strong><em>ὁμοίας</em></strong></span> <span class='ocrx_word' id='word_1_161' title='bbox 1344 2263 1450 2347; x_wconf 80' lang='grc' dir='ltr'><strong><em>ἔχεται</em></strong></span> 
     </span>
    </p>

    <p class='ocr_par' dir='ltr' id='par_1_6' title="bbox 286 2362 1450 2458">
     <span class='ocr_line' id='line_1_20' title="bbox 286 2362 1450 2458; baseline -0.01 -19"><span class='ocrx_word' id='word_1_162' title='bbox 286 2422 290 2429; x_wconf 78' lang='lat'>·</span> <span class='ocrx_word' id='word_1_163' title='bbox 345 2373 538 2458; x_wconf 88' lang='grc' dir='ltr'><strong><em>κακοηθείας</em></strong></span> <span class='ocrx_word' id='word_1_164' title='bbox 567 2369 774 2454; x_wconf 82' lang='grc' dir='ltr'><strong><em>όΠολαμᾶς</em></strong></span> <span class='ocrx_word' id='word_1_165' title='bbox 803 2372 963 2456; x_wconf 82' lang='grc' dir='ltr'><strong><em>πανταχῆ.</em></strong></span> <span class='ocrx_word' id='word_1_166' title='bbox 1016 2371 1105 2433; x_wconf 81' lang='grc' dir='ltr'><strong><em>δυοῖν</em></strong></span> <span class='ocrx_word' id='word_1_167' title='bbox 1132 2364 1196 2453; x_wconf 78' lang='grc' dir='ltr'><strong><em>γάρ</em></strong></span> <span class='ocrx_word' id='word_1_168' title='bbox 1217 2365 1404 2431; x_wconf 75' lang='grc' dir='ltr'><strong><em>’κάνταῦθά</em></strong></span> <span class='ocrx_word' id='word_1_169' title='bbox 1426 2362 1450 2427; x_wconf 78' lang='grc' dir='ltr'><strong><em>οἱ</em></strong></span> 
     </span>
    </p>

    <p class='ocr_par' dir='ltr' id='par_1_7' title="bbox 323 2467 1477 2760">
     <span class='ocr_line' id='line_1_21' title="bbox 323 2467 1477 2561; baseline -0.013 -19"><span class='ocrx_word' id='word_1_170' title='bbox 323 2474 465 2561; x_wconf 54' lang='grc' dir='ltr'>Χγίνεται</span> <span class='ocrx_word' id='word_1_171' title='bbox 483 2473 636 2558; x_wconf 80' lang='grc' dir='ltr'><strong><em>θάτερον·</em></strong></span> <span class='ocrx_word' id='word_1_172' title='bbox 691 2467 712 2556; x_wconf 85' lang='grc' dir='ltr'><strong><em>ἢ</em></strong></span> <span class='ocrx_word' id='word_1_173' title='bbox 741 2470 805 2559; x_wconf 77' lang='grc' dir='ltr'><strong><em>γὰρ</em></strong></span> <span class='ocrx_word' id='word_1_174' title='bbox 829 2472 873 2537; x_wconf 80' lang='grc' dir='ltr'><strong><em>δι’</em></strong></span> <span class='ocrx_word' id='word_1_175' title='bbox 904 2469 1049 2555; x_wconf 81' lang='grc' dir='ltr'><strong><em>ἀμαθίαν</em></strong></span> <span class='ocrx_word' id='word_1_176' title='bbox 1083 2467 1212 2556; x_wconf 76' lang='grc' dir='ltr'><strong><em>οὐδαμῆ</em></strong></span> <span class='ocrx_word' id='word_1_177' title='bbox 1235 2467 1372 2554; x_wconf 78' lang='grc' dir='ltr'><strong><em>συνίησι</em></strong></span> <span class='ocrx_word' id='word_1_178' title='bbox 1394 2469 1477 2530; x_wconf 69' lang='lat' dir='ltr'>eoiret</span> 
     </span>
     <span class='ocr_line' id='line_1_22' title="bbox 344 2567 1449 2660; baseline -0.008 -20"><span class='ocrx_word' id='word_1_179' title='bbox 344 2574 531 2660; x_wconf 72' lang='grc' dir='ltr'><strong><em>λεγομένοιν,</em></strong></span> <span class='ocrx_word' id='word_1_180' title='bbox 553 2568 574 2657; x_wconf 84' lang='grc' dir='ltr'><strong><em>ῆ</em></strong></span> <span class='ocrx_word' id='word_1_181' title='bbox 595 2573 716 2649; x_wconf 79' lang='grc' dir='ltr'><strong><em>συνιείς</em></strong></span> <span class='ocrx_word' id='word_1_182' title='bbox 735 2572 791 2638; x_wconf 86' lang='grc' dir='ltr'>διά</span> <span class='ocrx_word' id='word_1_183' title='bbox 813 2573 940 2659; x_wconf 84' lang='grc' dir='ltr'><strong><em>τρόπων</em></strong></span> <span class='ocrx_word' id='word_1_184' title='bbox 963 2569 1050 2656; x_wconf 77' lang='grc' dir='ltr'><strong><em>ὅμως</em></strong></span> <span class='ocrx_word' id='word_1_185' title='bbox 1073 2570 1272 2659; x_wconf 82' lang='grc' dir='ltr'><strong><em>φαυλότητος</em></strong></span> <span class='ocrx_word' id='word_1_186' title='bbox 1294 2567 1356 2654; x_wconf 81' lang='grc' dir='ltr'>τὴν</span> <span class='ocrx_word' id='word_1_187' title='bbox 1371 2571 1449 2634; x_wconf 80' lang='lat' dir='ltr'>Mo-</span> 
     </span>
     <span class='ocr_line' id='line_1_23' title="bbox 345 2668 1450 2760; baseline -0.005 -21"><span class='ocrx_word' id='word_1_188' title='bbox 345 2676 440 2760; x_wconf 86' lang='grc' dir='ltr'><strong><em>ξίμου</em></strong></span> <span class='ocrx_word' id='word_1_189' title='bbox 461 2678 518 2740; x_wconf 75' lang='grc' dir='ltr'>τοῦ</span> <span class='ocrx_word' id='word_1_190' title='bbox 538 2674 630 2750; x_wconf 79' lang='grc' dir='ltr'><strong><em>θείου</em></strong></span> <span class='ocrx_word' id='word_1_191' title='bbox 660 2674 832 2759; x_wconf 85' lang='grc' dir='ltr'><strong><em>κοπηλεόει</em></strong></span> <span class='ocrx_word' id='word_1_192' title='bbox 867 2675 1027 2740; x_wconf 82' lang='grc' dir='ltr'><strong><em>διάνοιον·</em></strong></span> <span class='ocrx_word' id='word_1_193' title='bbox 1071 2672 1089 2738; x_wconf 83' lang='grc' dir='ltr'><strong><em>ό</em></strong></span> <span class='ocrx_word' id='word_1_194' title='bbox 1116 2670 1259 2758; x_wconf 76' lang='grc' dir='ltr'><strong><em>μὲνγὰρ</em></strong></span> <span class='ocrx_word' id='word_1_195' title='bbox 1283 2669 1379 2756; x_wconf 78' lang='grc' dir='ltr'><strong><em>ἅγιος</em></strong></span> <span class='ocrx_word' id='word_1_196' title='bbox 1401 2668 1450 2734; x_wconf 88' lang='grc' dir='ltr'>τόν</span> 
     </span>
    </p>
   </div>
   <div class='ocr_carea' id='block_1_3' title="bbox 337 2769 1450 2877">
    <p class='ocr_par' dir='ltr' id='par_1_8' title="bbox 337 2769 1450 2877">
     <span class='ocr_line' id='line_1_24' title="bbox 337 2769 1450 2877; baseline -0.006 -36"><span class='ocrx_word' id='word_1_197' title='bbox 337 2778 401 2877; x_wconf 87' lang='grc' dir='ltr'>1τῆς</span> <span class='ocrx_word' id='word_1_198' title='bbox 432 2778 588 2842; x_wconf 73' lang='grc' dir='ltr'><strong><em>ἐνταυθοῖ</em></strong></span> <span class='ocrx_word' id='word_1_199' title='bbox 611 2775 835 2862; x_wconf 77' lang='grc' dir='ltr'><strong><em>διειλημμένης</em></strong></span> <span class='ocrx_word' id='word_1_200' title='bbox 856 2775 943 2864; x_wconf 73' lang='grc' dir='ltr'><strong><em>αὐτῷ</em></strong></span> <span class='ocrx_word' id='word_1_201' title='bbox 971 2774 1132 2861; x_wconf 75' lang='grc' dir='ltr'><strong><em>μεθέξεως</em></strong></span> <span class='ocrx_word' id='word_1_202' title='bbox 1162 2772 1290 2861; x_wconf 86' lang='grc' dir='ltr'><strong><em>τρόπον,</em></strong></span> <span class='ocrx_word' id='word_1_203' title='bbox 1313 2774 1399 2839; x_wconf 85' lang='grc' dir='ltr'><strong><em>καθ’</em></strong></span> <span class='ocrx_word' id='word_1_204' title='bbox 1419 2769 1450 2836; x_wconf 85' lang='grc' dir='ltr'>όν</span> 
     </span>
    </p>
   </div>
   <div class='ocr_carea' id='block_1_4' title="bbox 237 3011 1452 4066">
    <p class='ocr_par' dir='ltr' id='par_1_9' title="bbox 237 3011 1452 4066">
     <span class='ocr_line' id='line_1_25' title="bbox 346 3011 1451 3083; baseline 0 -17"><span class='ocrx_word' id='word_1_205' title='bbox 346 3019 431 3067; x_wconf 85' lang='lat' dir='ltr'>ratum</span> <span class='ocrx_word' id='word_1_206' title='bbox 450 3019 478 3066; x_wconf 91' lang='lat' dir='ltr'>et</span> <span class='ocrx_word' id='word_1_207' title='bbox 494 3011 693 3083; x_wconf 67' lang='lat' dir='ltr'>longinquitate</span> <span class='ocrx_word' id='word_1_208' title='bbox 709 3013 839 3083; x_wconf 87' lang='lat' dir='ltr'>temporis</span> <span class='ocrx_word' id='word_1_209' title='bbox 863 3014 1063 3068; x_wconf 79' lang='lat' dir='ltr'>corroboratum</span> <span class='ocrx_word' id='word_1_210' title='bbox 1082 3011 1214 3070; x_wconf 86' lang='lat' dir='ltr'>abiecerit</span> <span class='ocrx_word' id='word_1_211' title='bbox 1232 3018 1260 3065; x_wconf 86' lang='lat' dir='ltr'>et</span> <span class='ocrx_word' id='word_1_212' title='bbox 1277 3011 1307 3064; x_wconf 86' lang='lat' dir='ltr'>in</span> <span class='ocrx_word' id='word_1_213' title='bbox 1328 3018 1451 3066; x_wconf 83' lang='lat' dir='ltr'>naturum</span> 
     </span>
     <span class='ocr_line' id='line_1_26' title="bbox 345 3083 1451 3156; baseline -0.004 -18"><span class='ocrx_word' id='word_1_214' title='bbox 345 3086 432 3154; x_wconf 85' lang='lat' dir='ltr'>ipsam</span> <span class='ocrx_word' id='word_1_215' title='bbox 449 3083 637 3138; x_wconf 81' lang='lat' dir='ltr'>immututnm‘i</span> <span class='ocrx_word' id='word_1_216' title='bbox 672 3086 798 3140; x_wconf 73' lang='lat' dir='ltr'>distrmta</span> <span class='ocrx_word' id='word_1_217' title='bbox 819 3087 889 3139; x_wconf 87' lang='lat' dir='ltr'>euim</span> <span class='ocrx_word' id='word_1_218' title='bbox 908 3087 936 3139; x_wconf 90' lang='lat' dir='ltr'>in</span> <span class='ocrx_word' id='word_1_219' title='bbox 959 3087 1024 3140; x_wconf 86' lang='lat' dir='ltr'>duas</span> <span class='ocrx_word' id='word_1_220' title='bbox 1042 3093 1132 3156; x_wconf 83' lang='lat' dir='ltr'>partes</span> <span class='ocrx_word' id='word_1_221' title='bbox 1154 3087 1261 3152; x_wconf 74' lang='lat' dir='ltr'>integra</span> <span class='ocrx_word' id='word_1_222' title='bbox 1280 3083 1451 3152; x_wconf 69' lang='lat' dir='ltr'>cogitatione</span> 
     </span>
     <span class='ocr_line' id='line_1_27' title="bbox 348 3155 1451 3226; baseline -0.005 -17"><span class='ocrx_word' id='word_1_223' title='bbox 348 3165 376 3209; x_wconf 90' lang='lat' dir='ltr'>et</span> <span class='ocrx_word' id='word_1_224' title='bbox 396 3157 459 3208; x_wconf 91' lang='lat' dir='ltr'>dein</span> <span class='ocrx_word' id='word_1_225' title='bbox 476 3165 587 3224; x_wconf 85' lang='lat' dir='ltr'>recepta</span> <span class='ocrx_word' id='word_1_226' title='bbox 604 3155 691 3210; x_wconf 83' lang='lat' dir='ltr'>altera</span> <span class='ocrx_word' id='word_1_227' title='bbox 708 3165 794 3224; x_wconf 86' lang='lat' dir='ltr'>parte,</span> <span class='ocrx_word' id='word_1_228' title='bbox 814 3158 976 3212; x_wconf 86' lang='lat' dir='ltr'>semiiactem</span> <span class='ocrx_word' id='word_1_229' title='bbox 997 3166 1024 3211; x_wconf 90' lang='lat' dir='ltr'>et</span> <span class='ocrx_word' id='word_1_230' title='bbox 1043 3157 1225 3226; x_wconf 80' lang='lat' dir='ltr'>imperfectam</span> <span class='ocrx_word' id='word_1_231' title='bbox 1245 3156 1382 3208; x_wconf 87' lang='lat' dir='ltr'>orationis</span> <span class='ocrx_word' id='word_1_232' title='bbox 1402 3170 1451 3206; x_wconf 86' lang='lat' dir='ltr'>na.</span> 
     </span>
     <span class='ocr_line' id='line_1_28' title="bbox 346 3225 1452 3299; baseline -0.005 -17"><span class='ocrx_word' id='word_1_233' title='bbox 346 3237 431 3282; x_wconf 80' lang='lat' dir='ltr'>taram</span> <span class='ocrx_word' id='word_1_234' title='bbox 448 3227 578 3296; x_wconf 76' lang='lat' dir='ltr'><strong>relinquit</strong></span> <span class='ocrx_word' id='word_1_235' title='bbox 608 3229 643 3280; x_wconf 87' lang='lat' dir='ltr'>ab</span> <span class='ocrx_word' id='word_1_236' title='bbox 670 3237 782 3298; x_wconf 83' lang='lat' dir='ltr'>utraque</span> <span class='ocrx_word' id='word_1_237' title='bbox 801 3237 878 3298; x_wconf 89' lang='lat' dir='ltr'>parte</span> <span class='ocrx_word' id='word_1_238' title='bbox 905 3230 1030 3299; x_wconf 88' lang='lat' dir='ltr'>reliquit,</span> <span class='ocrx_word' id='word_1_239' title='bbox 1055 3231 1147 3284; x_wconf 87' lang='lat' dir='ltr'>nescio</span> <span class='ocrx_word' id='word_1_240' title='bbox 1167 3237 1254 3280; x_wconf 88' lang='lat' dir='ltr'>utrum</span> <span class='ocrx_word' id='word_1_241' title='bbox 1280 3241 1314 3278; x_wconf 84' lang='lat' dir='ltr'>ex</span> <span class='ocrx_word' id='word_1_242' title='bbox 1331 3225 1452 3277; x_wconf 84' lang='lat' dir='ltr'>iuvenili</span> 
     </span>
     <span class='ocr_line' id='line_1_29' title="bbox 348 3297 1452 3368; baseline -0.004 -16"><span class='ocrx_word' id='word_1_243' title='bbox 348 3300 499 3364; x_wconf 77' lang='lat' dir='ltr'>inscientia,</span> <span class='ocrx_word' id='word_1_244' title='bbox 518 3315 552 3352; x_wconf 89' lang='lat' dir='ltr'>an</span> <span class='ocrx_word' id='word_1_245' title='bbox 571 3299 606 3352; x_wconf 93' lang='lat' dir='ltr'>ob</span> <span class='ocrx_word' id='word_1_246' title='bbox 624 3301 711 3352; x_wconf 79' lang='lat' dir='ltr'>domui</span> <span class='ocrx_word' id='word_1_247' title='bbox 730 3303 919 3368; x_wconf 70' lang='lat' dir='ltr'>suspicionem.</span> <span class='ocrx_word' id='word_1_248' title='bbox 957 3311 1072 3355; x_wconf 85' lang='lat' dir='ltr'>attamen</span> <span class='ocrx_word' id='word_1_249' title='bbox 1091 3302 1150 3368; x_wconf 85' lang='lat' dir='ltr'>ipsa</span> <span class='ocrx_word' id='word_1_250' title='bbox 1168 3299 1218 3352; x_wconf 86' lang='lat' dir='ltr'>illo</span> <span class='ocrx_word' id='word_1_251' title='bbox 1236 3313 1306 3367; x_wconf 79' lang='lat' dir='ltr'>quoe</span> <span class='ocrx_word' id='word_1_252' title='bbox 1325 3297 1452 3350; x_wconf 87' lang='lat' dir='ltr'>distraxit</span> 
     </span>
     <span class='ocr_line' id='line_1_30' title="bbox 345 3368 1451 3437; baseline -0.005 -12"><span class='ocrx_word' id='word_1_253' title='bbox 345 3371 429 3425; x_wconf 78' lang='lat' dir='ltr'>allata</span> <span class='ocrx_word' id='word_1_254' title='bbox 448 3371 582 3424; x_wconf 87' lang='lat' dir='ltr'>docebunt</span> <span class='ocrx_word' id='word_1_255' title='bbox 609 3371 788 3424; x_wconf 70' lang='lat' dir='ltr'>distractionis</span> <span class='ocrx_word' id='word_1_256' title='bbox 813 3371 980 3426; x_wconf 80' lang='lat' dir='ltr'>violentiam.</span> <span class='ocrx_word' id='word_1_257' title='bbox 1008 3374 1047 3426; x_wconf 90' lang='lat' dir='ltr'>sic</span> <span class='ocrx_word' id='word_1_258' title='bbox 1067 3374 1137 3424; x_wconf 89' lang='lat' dir='ltr'>euim</span> <span class='ocrx_word' id='word_1_259' title='bbox 1156 3386 1200 3423; x_wconf 88' lang='lat' dir='ltr'>ros</span> <span class='ocrx_word' id='word_1_260' title='bbox 1220 3385 1250 3422; x_wconf 86' lang='lat' dir='ltr'>se</span> <span class='ocrx_word' id='word_1_261' title='bbox 1270 3369 1365 3422; x_wconf 88' lang='lat' dir='ltr'>babet.</span> <span class='ocrx_word' id='word_1_262' title='bbox 1406 3368 1451 3437; x_wconf 89' lang='lat' dir='ltr'>qui</span> 
     </span>
     <span class='ocr_line' id='line_1_31' title="bbox 346 3441 1451 3511; baseline -0.004 -15"><span class='ocrx_word' id='word_1_263' title='bbox 346 3443 476 3496; x_wconf 74' lang='lat' dir='ltr'>enesionis</span> <span class='ocrx_word' id='word_1_264' title='bbox 494 3457 548 3494; x_wconf 87' lang='lat' dir='ltr'>non</span> <span class='ocrx_word' id='word_1_265' title='bbox 567 3457 616 3510; x_wconf 92' lang='lat' dir='ltr'>pro</span> <span class='ocrx_word' id='word_1_266' title='bbox 636 3444 753 3496; x_wconf 87' lang='lat' dir='ltr'>essentis</span> <span class='ocrx_word' id='word_1_267' title='bbox 771 3443 978 3511; x_wconf 87' lang='lat' dir='ltr'>particeptibilis</span> <span class='ocrx_word' id='word_1_268' title='bbox 990 3453 1040 3508; x_wconf 88' lang='lat' dir='ltr'>est,</span> <span class='ocrx_word' id='word_1_269' title='bbox 1059 3444 1107 3497; x_wconf 90' lang='lat' dir='ltr'>sed</span> <span class='ocrx_word' id='word_1_270' title='bbox 1119 3443 1173 3496; x_wconf 86' lang='lat' dir='ltr'>alia</span> <span class='ocrx_word' id='word_1_271' title='bbox 1190 3442 1235 3494; x_wconf 84' lang='lat' dir='ltr'>via</span> <span class='ocrx_word' id='word_1_272' title='bbox 1255 3442 1295 3492; x_wconf 90' lang='lat' dir='ltr'>eis</span> <span class='ocrx_word' id='word_1_273' title='bbox 1313 3441 1363 3508; x_wconf 88' lang='lat' dir='ltr'>qui</span> <span class='ocrx_word' id='word_1_274' title='bbox 1384 3456 1451 3508; x_wconf 88' lang='lat' dir='ltr'>pos-</span> 
     </span>
     <span class='ocr_line' id='line_1_32' title="bbox 344 3513 1450 3582; baseline -0.004 -14"><span class='ocrx_word' id='word_1_275' title='bbox 344 3522 409 3569; x_wconf 90' lang='lat' dir='ltr'>sunt</span> <span class='ocrx_word' id='word_1_276' title='bbox 426 3515 555 3582; x_wconf 71' lang='lat' dir='ltr'>cognomi</span> <span class='ocrx_word' id='word_1_277' title='bbox 573 3514 642 3578; x_wconf 81' lang='lat' dir='ltr'>vult,</span> <span class='ocrx_word' id='word_1_278' title='bbox 660 3529 716 3567; x_wconf 87' lang='lat' dir='ltr'>uon</span> <span class='ocrx_word' id='word_1_279' title='bbox 734 3514 768 3568; x_wconf 87' lang='lat' dir='ltr'>ab</span> <span class='ocrx_word' id='word_1_280' title='bbox 782 3517 915 3568; x_wconf 86' lang='lat' dir='ltr'>essentiae</span> <span class='ocrx_word' id='word_1_281' title='bbox 928 3515 1090 3568; x_wconf 75' lang='lat' dir='ltr'>obscuritate</span> <span class='ocrx_word' id='word_1_282' title='bbox 1109 3515 1217 3566; x_wconf 86' lang='lat' dir='ltr'>omniuo</span> <span class='ocrx_word' id='word_1_283' title='bbox 1236 3513 1378 3566; x_wconf 87' lang='lat' dir='ltr'>seiunctus</span> <span class='ocrx_word' id='word_1_284' title='bbox 1402 3520 1450 3564; x_wconf 82' lang='lat' dir='ltr'>est</span> 
     </span>
     <span class='ocr_line' id='line_1_33' title="bbox 345 3583 1451 3654; baseline -0.004 -16"><span class='ocrx_word' id='word_1_285' title='bbox 345 3586 384 3638; x_wconf 85' lang='lat' dir='ltr'>ibi</span> <span class='ocrx_word' id='word_1_286' title='bbox 402 3587 536 3640; x_wconf 83' lang='lat' dir='ltr'>essentiae</span> <span class='ocrx_word' id='word_1_287' title='bbox 556 3585 744 3638; x_wconf 75' lang='lat' dir='ltr'>obscuritatem</span> <span class='ocrx_word' id='word_1_288' title='bbox 757 3603 837 3654; x_wconf 88' lang='lat' dir='ltr'>quum</span> <span class='ocrx_word' id='word_1_289' title='bbox 852 3587 978 3650; x_wconf 77' lang='lat' dir='ltr'>audisset,</span> <span class='ocrx_word' id='word_1_290' title='bbox 998 3588 1123 3640; x_wconf 81' lang='lat' dir='ltr'>sufficere</span> <span class='ocrx_word' id='word_1_291' title='bbox 1137 3585 1242 3654; x_wconf 82' lang='lat' dir='ltr'>putavit</span> <span class='ocrx_word' id='word_1_292' title='bbox 1258 3598 1314 3636; x_wconf 90' lang='lat' dir='ltr'>oon</span> <span class='ocrx_word' id='word_1_293' title='bbox 1332 3583 1451 3650; x_wconf 86' lang='lat' dir='ltr'>amplius</span> 
     </span>
     <span class='ocr_line' id='line_1_34' title="bbox 345 3655 1451 3726; baseline -0.005 -18"><span class='ocrx_word' id='word_1_294' title='bbox 345 3673 487 3726; x_wconf 84' lang='lat' dir='ltr'>quaerere.</span> <span class='ocrx_word' id='word_1_295' title='bbox 506 3659 592 3726; x_wconf 68' lang='lat' dir='ltr'>magis</span> <span class='ocrx_word' id='word_1_296' title='bbox 610 3658 680 3710; x_wconf 86' lang='lat' dir='ltr'>enim</span> <span class='ocrx_word' id='word_1_297' title='bbox 698 3657 828 3723; x_wconf 81' lang='lat' dir='ltr'>prodesse</span> <span class='ocrx_word' id='word_1_298' title='bbox 847 3659 1010 3710; x_wconf 81' lang='lat' dir='ltr'>existimavit</span> <span class='ocrx_word' id='word_1_299' title='bbox 1028 3659 1080 3712; x_wconf 89' lang='lat' dir='ltr'>boc</span> <span class='ocrx_word' id='word_1_300' title='bbox 1106 3674 1123 3712; x_wconf 89' lang='lat' dir='ltr'>e</span> <span class='ocrx_word' id='word_1_301' title='bbox 1141 3655 1315 3725; x_wconf 87' lang='lat' dir='ltr'>sequentibus</span> <span class='ocrx_word' id='word_1_302' title='bbox 1334 3670 1451 3722; x_wconf 84' lang='lat' dir='ltr'>separa.</span> 
     </span>
     <span class='ocr_line' id='line_1_35' title="bbox 237 3726 1451 3796; baseline -0.002 -16"><span class='ocrx_word' id='word_1_303' title='bbox 237 3756 240 3761; x_wconf 85' lang='lat'><em>·</em></span> <span class='ocrx_word' id='word_1_304' title='bbox 344 3737 410 3793; x_wconf 84' lang='lat' dir='ltr'>tum,</span> <span class='ocrx_word' id='word_1_305' title='bbox 429 3729 463 3781; x_wconf 86' lang='lat' dir='ltr'>ad</span> <span class='ocrx_word' id='word_1_306' title='bbox 483 3728 659 3783; x_wconf 84' lang='lat' dir='ltr'>inessentiale</span> <span class='ocrx_word' id='word_1_307' title='bbox 685 3728 807 3782; x_wconf 82' lang='lat' dir='ltr'>relietum</span> <span class='ocrx_word' id='word_1_308' title='bbox 835 3729 923 3782; x_wconf 88' lang='lat' dir='ltr'>lucem</span> <span class='ocrx_word' id='word_1_309' title='bbox 948 3729 1022 3782; x_wconf 88' lang='lat' dir='ltr'>illam</span> <span class='ocrx_word' id='word_1_310' title='bbox 1050 3728 1114 3782; x_wconf 89' lang='lat' dir='ltr'>olim</span> <span class='ocrx_word' id='word_1_311' title='bbox 1134 3745 1149 3780; x_wconf 90' lang='lat' dir='ltr'>e</span> <span class='ocrx_word' id='word_1_312' title='bbox 1168 3727 1284 3796; x_wconf 80' lang='lat' dir='ltr'>vestigio</span> <span class='ocrx_word' id='word_1_313' title='bbox 1303 3726 1333 3776; x_wconf 90' lang='lat' dir='ltr'>in</span> <span class='ocrx_word' id='word_1_314' title='bbox 1358 3735 1451 3778; x_wconf 87' lang='lat' dir='ltr'>mente</span> 
     </span>
     <span class='ocr_line' id='line_1_36' title="bbox 344 3798 1450 3866; baseline -0.007 -14"><span class='ocrx_word' id='word_1_315' title='bbox 344 3799 448 3852; x_wconf 77' lang='lat' dir='ltr'>Thabor</span> <span class='ocrx_word' id='word_1_316' title='bbox 467 3800 539 3852; x_wconf 88' lang='lat' dir='ltr'>cirea</span> <span class='ocrx_word' id='word_1_317' title='bbox 562 3800 696 3855; x_wconf 79' lang='lat' dir='ltr'>Christum</span> <span class='ocrx_word' id='word_1_318' title='bbox 713 3799 884 3866; x_wconf 26' lang='lat' dir='ltr'>saluatorem·</span> <span class='ocrx_word' id='word_1_319' title='bbox 898 3801 993 3854; x_wconf 84' lang='lat' dir='ltr'>iactam</span> <span class='ocrx_word' id='word_1_320' title='bbox 1013 3809 1040 3854; x_wconf 89' lang='lat' dir='ltr'>et</span> <span class='ocrx_word' id='word_1_321' title='bbox 1066 3801 1214 3854; x_wconf 88' lang='lat' dir='ltr'>seiunctam</span> <span class='ocrx_word' id='word_1_322' title='bbox 1233 3798 1266 3850; x_wconf 91' lang='lat' dir='ltr'>ab</span> <span class='ocrx_word' id='word_1_323' title='bbox 1288 3798 1450 3850; x_wconf 84' lang='lat' dir='ltr'>essentiali.</span> 
     </span>
     <span class='ocr_line' id='line_1_37' title="bbox 343 3871 1451 3942; baseline -0.007 -18"><span class='ocrx_word' id='word_1_324' title='bbox 343 3878 387 3924; x_wconf 80' lang='lat' dir='ltr'>ter</span> <span class='ocrx_word' id='word_1_325' title='bbox 407 3871 522 3924; x_wconf 89' lang='lat' dir='ltr'>obscuro</span> <span class='ocrx_word' id='word_1_326' title='bbox 543 3880 570 3923; x_wconf 92' lang='lat' dir='ltr'>et</span> <span class='ocrx_word' id='word_1_327' title='bbox 584 3871 665 3939; x_wconf 86' lang='lat' dir='ltr'>plane</span> <span class='ocrx_word' id='word_1_328' title='bbox 689 3886 743 3924; x_wconf 85' lang='lat' dir='ltr'>uun</span> <span class='ocrx_word' id='word_1_329' title='bbox 762 3874 880 3936; x_wconf 84' lang='lat' dir='ltr'>dimoto,</span> <span class='ocrx_word' id='word_1_330' title='bbox 907 3875 945 3924; x_wconf 83' lang='lat' dir='ltr'>itu</span> <span class='ocrx_word' id='word_1_331' title='bbox 966 3873 1085 3942; x_wconf 80' lang='lat' dir='ltr'>autquasi</span> <span class='ocrx_word' id='word_1_332' title='bbox 1107 3887 1141 3924; x_wconf 85' lang='lat' dir='ltr'>ex</span> <span class='ocrx_word' id='word_1_333' title='bbox 1165 3871 1243 3924; x_wconf 87' lang='lat' dir='ltr'>buius</span> <span class='ocrx_word' id='word_1_334' title='bbox 1264 3884 1361 3922; x_wconf 84' lang='lat' dir='ltr'>sacrae</span> <span class='ocrx_word' id='word_1_335' title='bbox 1379 3871 1451 3922; x_wconf 88' lang='lat' dir='ltr'>scri.</span> 
     </span>
     <span class='ocr_line' id='line_1_38' title="bbox 343 3933 1450 4066; baseline 0.002 -74"><span class='ocrx_word' id='word_1_336' title='bbox 343 3949 440 4066; x_wconf 70' lang='grc' dir='ltr'><strong><em>ριααιο</em></strong></span> <span class='ocrx_word' id='word_1_337' title='bbox 464 3942 668 4012; x_wconf 70' lang='lat' dir='ltr'>propugnaculo</span> <span class='ocrx_word' id='word_1_338' title='bbox 696 3944 761 3996; x_wconf 83' lang='lat' dir='ltr'>duos</span> <span class='ocrx_word' id='word_1_339' title='bbox 780 3945 937 4012; x_wconf 84' lang='lat' dir='ltr'>profiteatur</span> <span class='ocrx_word' id='word_1_340' title='bbox 962 3944 1075 3998; x_wconf 86' lang='lat' dir='ltr'>deitates</span> <span class='ocrx_word' id='word_1_341' title='bbox 1091 3933 1271 3996; x_wconf 83' lang='lat' dir='ltr'>iaoreetes&#39;et</span> <span class='ocrx_word' id='word_1_342' title='bbox 1296 3942 1450 4018; x_wconf 73' lang='lat' dir='ltr'>intersere</span> 
     </span>
     <span class='ocr_line' id='line_1_39' title="bbox 363 4028 476 4066; baseline 0.018 -4"><span class='ocrx_word' id='word_1_343' title='bbox 363 4028 476 4066; x_wconf 81' lang='lat' dir='ltr'>ruerses.</span> 
     </span>
    </p>
   </div>
   <div class='ocr_carea' id='block_1_5' title="bbox 263 4099 1448 4440">
    <p class='ocr_par' dir='ltr' id='par_1_10' title="bbox 263 4099 1448 4390">
     <span class='ocr_line' id='line_1_40' title="bbox 443 4099 1448 4174; baseline -0.002 -20"><span class='ocrx_word' id='word_1_344' title='bbox 443 4102 539 4155; x_wconf 73' lang='lat' dir='ltr'>Nonne</span> <span class='ocrx_word' id='word_1_345' title='bbox 565 4117 600 4155; x_wconf 80' lang='lat' dir='ltr'>ex</span> <span class='ocrx_word' id='word_1_346' title='bbox 627 4117 660 4154; x_wconf 91' lang='lat' dir='ltr'>eo</span> <span class='ocrx_word' id='word_1_347' title='bbox 684 4101 840 4172; x_wconf 72' lang='lat' dir='ltr'>intelligitis</span> <span class='ocrx_word' id='word_1_348' title='bbox 868 4117 946 4171; x_wconf 86' lang='lat' dir='ltr'>quam</span> <span class='ocrx_word' id='word_1_349' title='bbox 969 4103 1054 4174; x_wconf 60' lang='lat' dir='ltr'>similiv</span> <span class='ocrx_word' id='word_1_350' title='bbox 1080 4103 1180 4172; x_wconf 88' lang='lat' dir='ltr'>ubique</span> <span class='ocrx_word' id='word_1_351' title='bbox 1203 4101 1338 4170; x_wconf 69' lang='lat' dir='ltr'>pravitate</span> <span class='ocrx_word' id='word_1_352' title='bbox 1367 4099 1448 4153; x_wconf 84' lang='lat' dir='ltr'>Pala-</span> 
     </span>
     <span class='ocr_line' id='line_1_41' title="bbox 263 4171 1448 4242; baseline -0.005 -17"><span class='ocrx_word' id='word_1_353' title='bbox 263 4228 266 4233; x_wconf 72' lang='grc'><strong><em>,</em></strong></span> <span class='ocrx_word' id='word_1_354' title='bbox 343 4187 400 4225; x_wconf 85' lang='lat' dir='ltr'>raas</span> <span class='ocrx_word' id='word_1_355' title='bbox 419 4175 454 4226; x_wconf 86' lang='lat' dir='ltr'>sit</span> <span class='ocrx_word' id='word_1_356' title='bbox 472 4172 640 4226; x_wconf 72' lang='lat' dir='ltr'>obstrictus?</span> <span class='ocrx_word' id='word_1_357' title='bbox 666 4183 712 4226; x_wconf 85' lang='lat' dir='ltr'>aut</span> <span class='ocrx_word' id='word_1_358' title='bbox 740 4176 811 4226; x_wconf 90' lang='lat' dir='ltr'>enim</span> <span class='ocrx_word' id='word_1_359' title='bbox 840 4183 951 4242; x_wconf 90' lang='lat' dir='ltr'>propter</span> <span class='ocrx_word' id='word_1_360' title='bbox 969 4175 1135 4228; x_wconf 86' lang='lat' dir='ltr'>inscientiam</span> <span class='ocrx_word' id='word_1_361' title='bbox 1161 4171 1384 4226; x_wconf 82' lang='lat' dir='ltr'>dictorum-nibil</span> <span class='ocrx_word' id='word_1_362' title='bbox 1405 4175 1448 4225; x_wconf 88' lang='lat' dir='ltr'>in.</span> 
     </span>
     <span class='ocr_line' id='line_1_42' title="bbox 342 4243 1447 4314; baseline -0.001 -18"><span class='ocrx_word' id='word_1_363' title='bbox 342 4243 457 4314; x_wconf 69' lang='lat' dir='ltr'>telligit,</span> <span class='ocrx_word' id='word_1_364' title='bbox 475 4253 522 4296; x_wconf 89' lang='lat' dir='ltr'>aut</span> <span class='ocrx_word' id='word_1_365' title='bbox 539 4246 562 4296; x_wconf 92' lang='lat' dir='ltr'>si</span> <span class='ocrx_word' id='word_1_366' title='bbox 580 4245 712 4312; x_wconf 72' lang='lat' dir='ltr'>inteiligit</span> <span class='ocrx_word' id='word_1_367' title='bbox 739 4247 878 4314; x_wconf 83' lang='lat' dir='ltr'>pravitatis</span> <span class='ocrx_word' id='word_1_368' title='bbox 897 4253 984 4298; x_wconf 84' lang='lat' dir='ltr'>tamen</span> <span class='ocrx_word' id='word_1_369' title='bbox 1003 4247 1151 4299; x_wconf 86' lang='lat' dir='ltr'>rationibus</span> <span class='ocrx_word' id='word_1_370' title='bbox 1179 4247 1235 4299; x_wconf 82' lang='lat' dir='ltr'>divi</span> <span class='ocrx_word' id='word_1_371' title='bbox 1253 4245 1363 4299; x_wconf 79' lang='lat' dir='ltr'>tdaximi</span> <span class='ocrx_word' id='word_1_372' title='bbox 1383 4261 1447 4296; x_wconf 87' lang='lat' dir='ltr'>sen.</span> 
     </span>
     <span class='ocr_line' id='line_1_43' title="bbox 344 4316 1446 4390; baseline 0.001 -19"><span class='ocrx_word' id='word_1_373' title='bbox 344 4317 432 4376; x_wconf 81' lang='lat' dir='ltr'>tentia</span> <span class='ocrx_word' id='word_1_374' title='bbox 449 4316 576 4370; x_wconf 71' lang='grc' dir='ltr'><strong><em>ιλαιίιυτ.</em></strong></span> <span class='ocrx_word' id='word_1_375' title='bbox 612 4323 721 4368; x_wconf 84' lang='lat' dir='ltr'>sanctos</span> <span class='ocrx_word' id='word_1_376' title='bbox 738 4319 809 4369; x_wconf 87' lang='lat' dir='ltr'>euim</span> <span class='ocrx_word' id='word_1_377' title='bbox 827 4319 1041 4390; x_wconf 68' lang='lat' dir='ltr'>participationis</span> <span class='ocrx_word' id='word_1_378' title='bbox 1066 4318 1165 4374; x_wconf 84' lang='lat' dir='ltr'>ibidem</span> <span class='ocrx_word' id='word_1_379' title='bbox 1177 4325 1312 4374; x_wconf 79' lang='lat' dir='ltr'>-trsctatas</span> <span class='ocrx_word' id='word_1_380' title='bbox 1329 4317 1446 4386; x_wconf 76' lang='lat' dir='ltr'>medan,</span> 
     </span>
    </p>

    <p class='ocr_par' dir='ltr' id='par_1_11' title="bbox 626 4414 1032 4440">
     <span class='ocr_line' id='line_1_44' title="bbox 626 4414 1032 4440; baseline 0 -18"><span class='ocrx_word' id='word_1_381' title='bbox 626 4414 635 4440; x_wconf 60' lang='grc'><strong><em>,</em></strong></span> <span class='ocrx_word' id='word_1_382' title='bbox 1029 4415 1032 4422; x_wconf 88' lang='grc'>.</span> 
     </span>
    </p>
   </div>
   <div class='ocr_carea' id='block_1_6' title="bbox 0 0 1596 5100">
    <p class='ocr_par' dir='ltr' id='par_1_12' title="bbox 0 0 1596 5100">
     <span class='ocr_line' id='line_1_45' title="bbox 0 0 1596 5100; baseline 0 2"><span class='ocrx_word' id='word_1_383' title='bbox 0 0 1596 5100; x_wconf 95' lang='lat' dir='ltr'> </span> 
     </span>
    </p>
   </div>
  </div>
 </body>
</html>
