3184 5100
292 456 513 523 cumcuma
540 446 950 557 amnunmanaxxw.
973 420 1100 506 1-5.
1188 420 1260 498 οίιι

163 615 266 697 εἴτις
286 618 418 704 λαλήσει
436 614 517 702 πρός
539 615 632 701 φίλον
655 611 770 677 sisoi?
811 608 867 675 καί
889 604 981 683 αδτός
1005 600 1180 689 δ’άντικρός
1202 622 1265 687 φη-

164 746 221 786 σιν
244 719 262 785 ό
283 720 360 797 θεός
378 716 493 801 (στόμα
510 699 596 781 ικατά
617 714 719 798 στόμα
739 713 866 799 λαλήσῳ
885 706 972 797 αὐτῷ
992 708 1025 772 ἐν
1041 704 1119 771 εἴδει
1139 704 1194 767 καί
1211 699 1265 764 οδ-

165 824 211 887 δί
232 819 451 905 αἰνιγμάτων.”
709 807 711 814 ’

269 920 364 1005 Πρός
376 923 475 985 ταῦτα
489 917 507 984 ό
519 920 549 985 Γ
551 920 690 1003 ρηγοροῖς
707 915 882 1000 ἀπήντησεν
898 911 1105 985 οδτωσίπως.
1128 909 1156 971 ci
1167 902 1265 989 ἐμμὲ-
1276 930 1302 983 ⁴

134 1025 236 1090 5νειν
255 1023 427 1105 βούλοισθε
447 1027 518 1097 ταῖς
538 1025 658 1094 κοιναῖς
678 1018 813 1091 ἐκείναις
841 1018 897 1099 τῆς
924 1016 980 1079 τοῦ
1000 1007 1267 1092 θεοῦῗέκκλησίας

165 1126 316 1203 ἐννοίαις,
342 1122 385 1200 οἷς
402 1127 462 1206 μία
482 1118 573 1204 παρά
593 1123 691 1184 πᾶσιν
707 1101 911 1203 δμολογεΐται
931 1115 1044 1199 θεότης
1064 1107 1224 1185 όκτιστος,
1248 1101 1394 1191 {iiim

170 1225 211 1309 δὴ
233 1227 290 1290 καί
310 1223 404 1289 οὐσία
427 1224 483 1288 καί
506 1221 602 1309 φύσις
620 1225 761 1283 καλεῖται
786 1220 843 1283 καί
869 1218 903 1283 ἓν
928 1220 997 1303 φῶς
1018 1214 1191 1299 ἀπρόσιτον
1213 1210 1268 1274 καί

172 1326 350 1406 άδιάδοχον
374 1324 548 1406 άειλαμπὲς
577 1321 633 1385 καί
657 1318 842 1407 τριλαμπές,
869 1315 918 1402 εἴη
948 1314 986 1381 όν
1007 1316 1063 1381 καί
1084 1313 1176 1399 λόγος
1194 1308 1270 1395 ἡμῖν

168 1428 229 1492 καί
250 1427 402 1505 διάλεξις·
459 1428 493 1490 ἐν
521 1424 628 1489 ἐλπίσι
658 1422 719 1508 γάρ
750 1425 880 1485 κεῖσθαι
910 1418 1059 1504 προϊοῦσι
1089 1414 1143 1500 τήν
1162 1436 1196 1476 τε
1214 1412 1270 1495 τῆς

121 1534 159 1588 10
171 1528 328 1613 ἀληθείας
345 1525 488 1613 ,εὕρεσιν
514 1525 569 1589 καί
591 1522 647 1607 τὴν
667 1526 724 1607 τῆς
752 1521 865 1596 κακιάς
887 1519 1070 1605 ἀναίρεσιν·
1115 1510 1219 1589 άλλως
1241 1516 1269 1577 δ’

172 1626 303 1712 ἄμεινον
334 1630 470 1715 σιωπᾷν.
526 1625 596 1690 ἐπεὶ
622 1624 729 1689 τοίνυν
755 1619 811 1706 την
841 1617 943 1706 ἀρχὴν
974 1626 1044 1694 ταῖς
1075 1622 1196 1691 κοιναῖς
1215 1616 1272 1699 τῆς

172 1728 344 1813 ἐκκλησίας
365 1728 500 1802 ἐννοίαις
522 1726 578 1790 καί
603 1726 667 1788 τάν
700 1723 865 1808 δογμάτων
886 1718 1117 1805 άμολογήκατε,
1141 1715 1211 1781 δέον
1232 1714 1273 1779 τά

171 1822 313 1911 ἑπόμενα
336 1829 508 1908 δέχεσθαι·
553 1828 582 1891 εἰ
603 1829 633 1889 δ’
652 1818 717 1901 osia,
739 1816 872 1898 ἑαυτοὺς
894 1822 949 1907 ἀφ’
972 1814 1078 1895 ἑστίας
1099 1816 1190 1882 αὐτοί
1212 1840 1271 1879 κα-

169 1927 315 1993 ταλόετε·
367 1928 423 1992 καί
453 1930 521 2002 πῶς
557 1913 661 1991 ἄλλων
689 1924 842 2009 λεγόντων
878 1921 1043 2001 άνὲξεσθε;
1072 1914 1169 2005 ἢέπί
1188 1917 1271 1983 τίσιν

124 2037 161 2090 15
171 2029 298 2094 ἐλπίσιν
332 2025 565 2113 οἷναμφιβόλοις
599 2024 616 2091 δ
654 2023 961 2111 προσδιαλεγόμενος
992 2020 1046 2087 τόν
1079 2022 1135 2085 τοῦ
1171 2016 1271 2103 λέγειν

169 2128 299 2212 μόχθον
319 2124 490 2210 δπομενεῖ,·
520 2127 590 2191 ἐπεί
610 2127 716 2192 τοίνυν
738 2128 826 2188 θεῖον
849 2121 884 2188 τό
916 2122 1018 2207 δόγμα
1036 2120 1091 2185 καί
1110 2117 1197 2204 κοινὴ
1216 2121 1307 2202 τῆςι

171 2229 341 2312 ἐκκλησίας
360 2227 466 2293 ἔννοιά
494 2229 580 2293 ἐστιν
614 2226 657 2304 ιδς
678 2226 754 2292 θεόν
778 2226 883 2303 οόδείς
916 2220 1038 2313 ἓιόρακε
1058 2226 1182 2291 πώποτε
1207 2219 1270 2288 οὔτ’

170 2330 260 2422 ἰδεῖν]
275 2327 410 2393 δόναταί
426 2352 473 2403 τις
497 2324 560 2393 οὔ(
585 2329 724 2414 ἀγγέλων
744 2324 808 2392 οὔτ’
833 2328 1020 2413 ἀνθρώπων,
1044 2328 1073 2391 ei
1092 2328 1151 2411 μὲν
1174 2324 1270 2413 εόπο-

173 2430 330 2515 ρήσαιμεν
352 2430 387 2492 ἐκ
407 2432 465 2493 τοῦ
493 2428 605 2505 εὐθέος
623 2432 811 2515 μαρτυριῶν
839 2432 1016 2515 γραφικόν,
1040 2426 1142 2493 οόκότι
1160 2426 1272 2511 χώραν

124 2536 162 2592 20
173 2529 260 2611 ἔχειν
278 2525 386 2615 χρεών
417 2528 453 2594 τό
476 2529 773 2617 άμφισβητήσιμον·
827 2530 856 2594 εἰ
878 2530 913 2595 δὲ
934 2527 978 2614 μὴ
1003 2514 1094 2595 τοῦθ’
1115 2526 1192 2614 ἡμῖν
1212 2528 1271 2612 άρ-

172 2632 249 2706 τίως
262 2633 296 2694 ἐκ
316 2633 373 2695 τοῦ
394 2629 512 2721 ῥᾴστου
524 2634 724 2716 προσγίνοιτο
746 2630 801 2696 διά
823 2629 858 2696 τό
870 2631 988 2718 γρΐφόν
1001 2655 1036 2696 τε
1052 2629 1108 2696 καί
1130 2626 1272 2712 όμιχλοό-

135 2783 140 2790 .
177 2734 228 2806 δες
259 2735 317 2815 τῆς
345 2735 496 2818 γραφῆς,
528 2731 798 2818 παραπετάσματι
830 2733 1068 2816 καλυπτομένης
1103 2731 1201 2796 ἐνίοτε
1232 2729 1272 2813 τῇ

177 2829 319 2922 άσαφείρι
354 2834 409 2897 διά
430 2855 464 2896 τε
486 2830 559 2907 τούς
590 2833 746 2918 βεβήλους
778 2833 860 2899 κατά
889 2833 1008 2919 τρόπον
1037 2833 1227 2915 οἰκονομίας,
1250 2819 1282 2917 ᾖ

175 3115 274 3166 minum
291 3115 428 3168 sedentem
450 3117 486 3170 'in
503 3118 600 3171 tbrene
630 3116 686 3172 alte
714 3125 742 3170 et
762 3116 854 3182 braun,
884 3123 912 3168 et
929 3131 1020 3168 rursus
1038 3116 1139 3170 bissem
1158 3113 1275 3184 legimns

175 3201 303 3239 namanes
332 3185 439 3239 loeutus
465 3196 507 3240 cst
530 3189 653 3240 dominns
681 3204 740 3240 cnm
759 3189 833 3240 itone
857 3189 891 3240 de
921 3201 969 3240 cre
993 3187 1026 3240 ad
1045 3201 1091 3250 os,
1109 3187 1148 3238 ite
1167 3195 1198 3239 ut
1216 3203 1275 3240 cum

176 3257 271 3309 amico.
313 3265 341 3308 ct
364 3259 423 3324 ipse
443 3258 510 3310 deus
533 3260 614 3312 dixitc
640 3261 673 3312 do
692 3275 739 3310 ore
763 3259 795 3310 ad
815 3273 845 3310 οε
863 3258 959 3327 loquar
983 3274 1043 3310 cum
1065 3271 1097 3309 cc
1117 3257 1275 3322 adfaciem,

176 3344 230 3382 non
246 3343 297 3395 per
314 3331 474 3397 aenigmata.

275 3417 316 3470 Ad
334 3418 402 3470 baec
423 3411 556 3488 Gregoias
582 3421 619 3473 ita
646 3421 704 3474 iere
722 3419 876 3485 respondite
900 3420 923 3470 si
950 3419 1125 3487 acquiescere
1146 3415 1229 3469 vultis
1247 3416 1275 3467 in

178 3489 359 3541 communibus
376 3490 433 3542 iliis
450 3492 558 3543 divinae
585 3491 719 3545 ecciesiae
738 3491 889 3554 sententiis,
907 3505 984 3541 unam
1011 3505 1070 3542 esse
1088 3489 1189 3556 pariter
1206 3487 1277 3555 apud

179 3573 269 3608 omnes
286 3560 410 3612 deitatem
431 3562 592 3626 increatam,
621 3579 689 3631 quae
720 3571 747 3614 et
764 3563 880 3613 essentia
905 3569 932 3613 et
956 3569 1049 3612 natura
1069 3559 1230 3627 appellatur,
1250 3567 1285 3616 et.

179 3643 254 3679 naam
274 3629 360 3681 iucem
379 3634 592 3685 inaccessibilem
612 3644 639 3687 et
656 3631 964 3700 incomprehensibilem,
990 3631 1230 3699 semperluccntem
1250 3637 1277 3682 et
1310 3627 1311 3634 ’

87 3756 88 3761 ¹
180 3699 358 3765 emimentem,
379 3704 431 3754 erit
448 3703 525 3755 vobis
544 3707 656 3758 ratioet
676 3705 851 3771 disceptatio,
871 3705 971 3770 quippe
991 3703 1083 3769 quiin
1103 3717 1151 3769 ape
1169 3701 1276 3770 ponatis

182 3771 240 3821 iore
258 3778 287 3820 nt
305 3773 404 3824 veritas
441 3775 611 3840 inveniatur,
636 3777 790 3844 improbitas
810 3773 928 3825 tollatur.
973 3773 1039 3826 elias
1056 3772 1154 3825 melius
1173 3775 1214 3824 est
1233 3781 1276 3824 ta.

145 3873 149 3880 -
181 3855 252 3903 cere,
271 3857 349 3908 quum
368 3845 451 3912 igitur
464 3846 503 3897 'ab
523 3848 600 3898 initio
625 3848 796 3915 conspirastis
817 3861 875 3896 cum
896 3844 1076 3896 communibus
1096 3843 1230 3896 ecelesiae
1250 3851 1277 3896 et

178 3912 328 3977 tiegmatum
348 3917 499 3980 sententiis,
518 3918 597 3968 etiam
616 3919 808 3986 consequentia
828 3917 984 3982 accipienda
1005 3924 1075 3983 sunt,
1096 3929 1149 3984 quo
1170 3914 1276 3984 quidem

182 3982 249 4034 iaetu
271 3983 469 4036 fundamentum
497 3996 614 4039 vestrum
635 3990 765 4041 sublatum
786 3997 836 4039 est.
877 4003 939 4038 num
960 3987 1073 4038 aliorum
1092 3987 1275 4039 rationesve.

182 4053 311 4119 cipietisi
345 4071 379 4106 an
398 4065 488 4108 orator
507 4067 580 4109 certa
599 4061 708 4126 quadam
730 4075 778 4127 spe
797 4060 902 4110 dicendi
919 4058 1038 4110 laborem
1059 4055 1226 4109 sustinebit?
1253 4057 1276 4108 ai

180 4126 259 4193 igitur
277 4126 396 4178 divinum
415 4128 511 4196 dogma
536 4137 563 4180 et
583 4133 729 4182 eommunis
751 4129 886 4182 ecciesiae
905 4130 1037 4182 sententia
1057 4137 1111 4194 est,
1144 4130 1276 4181 neminem

181 4211 291 4264 unquam
312 4199 412 4250 vidisse
431 4200 508 4250 deum
525 4216 576 4252 nec
596 4216 675 4267 posse
695 4203 788 4254 videre
809 4216 965 4270 quemquam
991 4209 1035 4252 aut
1051 4200 1208 4272 angelorum
1230 4205 1277 4249 aut

181 4268 322 4330 bosninam,
344 4270 367 4320 si
387 4271 492 4337 quidem
511 4280 606 4338 aperte
623 4271 709 4341 iiquet
726 4289 760 4324 ex
779 4273 886 4339 scriptis
904 4272 1083 4336 testimoniis,
1103 4269 1275 4324 dubitetienis

181 4344 253 4399 loeus
271 4340 351 4394 debet
370 4340 461 4395 nuilus
484 4344 617 4397 coneedi-
651 4345 693 4398 sin
714 4359 780 4398 uero
806 4345 857 4397 hcc
882 4343 961 4398 nobis
983 4355 1037 4397 nen
1063 4344 1170 4397 omnino
1194 4337 1275 4394 facile
1364 4406 1368 4412 ἱ
