3184 5100
332 404 407 483 ³08
634 406 859 478 arcuruom
890 402 1118 473 ennoonss
1151 374 1155 379 ’

263 587 317 640 61
430 570 472 635 Εἰ
500 571 528 633 δ’
563 571 597 635 έν
629 570 769 655 ποιότητι
798 568 903 656 α’όγιηι
924 591 959 633 τε
991 569 1046 631 καί
1073 565 1227 649 α’μεγέθει
1250 567 1348 647 μέρος
1370 563 1435 627 orla

183 666 188 680 ’
226 746 233 763 ι
328 670 430 751 ἔξεστι
458 672 558 753 λέγειν
589 675 732 756 κυρίως,
771 661 846 733 odra
875 673 1011 753 μέγεθος
1042 668 1137 731 οὐδέν
1169 668 1377 748 προστιθέναι
1411 658 1434 746 ἢ

326 771 480 858 όφαιρείν
503 772 558 856 (οδ
579 770 641 855 γὰρ
663 776 793 854 λέγομεν
818 760 892 835 odes
910 768 1050 853 μεγάλην
1078 761 1153 833 odra
1172 767 1292 850 μικρόν
1315 766 1432 829 λευκό-

326 877 444 960 τητα),
478 878 597 941 πολλοῦ
632 876 718 955 μέντ’
748 867 789 937 όν
823 866 947 957 δεήσειε
966 874 1021 935 καί
1051 873 1109 934 τοῦ
1129 863 1245 944 παντός
1276 873 1349 951 περί
1371 872 1432 951 τῆς

218 980 220 990 ’
324 971 416 1049 θείας
438 974 551 1050 οόσίας
571 976 704 1075 τοιαῦτα
725 982 808 1039 νοεῖν
830 972 886 1037 κοί
907 978 1018 1057 λέγειν,
1039 966 1059 1054 ἢ
1080 976 1201 1057 μεγέθη
1218 975 1278 1052 μὲν
1298 970 1353 1034 καί
1370 992 1458 1051 pas-5

324 1072 461 1164 κρότητα
482 1075 631 1161 πεποίηκέ
654 1099 689 1141 τε
712 1078 768 1140 καί
790 1074 842 1140 cist*
860 1083 954 1156 ποιεῖ,
977 1071 1059 1155 crisa}
1084 1076 1114 1136 δ’
1133 1076 1204 1139 έστί
1223 1071 1305 1136 κατὰ
1327 1072 1430 1158 φύσιν
1456 1067 1460 1073 “

326 1177 454 1263 οδδαμῇ
473 1180 575 1261 μηδέν
598 1167 642 1241 τόν
663 1181 814 1260 πεποιήκέ
836 1198 869 1241 τε
892 1178 948 1240 καί
968 1173 1021 1239 olel
1041 1183 1133 1239 ποιεῖ.
1185 1176 1263 1239 ouidi
1282 1171 1430 1259 πρόεισιν

130 1308 134 1317 ’
227 1318 231 1323 -
284 1311 302 1321 -
324 1276 372 1350 είς
392 1268 494 1359 όγκον,
515 1277 585 1341 ου’δ’
608 1270 647 1339 orl
666 1274 709 1359 μη
735 1275 928 1363 προχωρήσῃ
950 1279 1035 1341 ποτέ.
1079 1274 1113 1340 τό
1135 1273 1197 1359 γόρ
1222 1268 1303 1363 όγκῳ
1317 1276 1433 1356 μεῖζον

325 1375 489 1458 γινόμενον
512 1373 649 1457 δυνάμει
670 1380 790 1459 γίνεται
812 1374 952 1459 ἔλαττον,
975 1378 1031 1441 καί
1051 1374 1086 1441 τό
1111 1374 1276 1457 δυνάμεως
1296 1378 1431 1457 μεγέθει

325 1478 475 1558 μέγιστον
497 1467 589 1559 όγκου
606 1481 744 1541 λείπεται
770 1477 897 1557 παντός,
919 1476 970 1541 ἵνα
984 1480 1131 1561 μέγιστον
1150 1476 1268 1563 ὁμοίιος
1290 1474 1341 1539 ciel
1354 1477 1432 1539 δια·
1440 1488 1476 1541 10

324 1582 415 1668 μένῃ.
458 1577 513 1643 καί
532 1578 593 1662 γόρ
616 1583 671 1645 καί
690 1582 721 1645 εί
741 1582 816 1663 περί
835 1583 891 1663 τῆς
912 1582 946 1644 έν
967 1577 1053 1658 χιόνι
1072 1582 1306 1662 βουληθείημεν
1325 1579 1429 1660 λέγειν

213 1730 215 1735 -
325 1676 516 1765 λευκότητος
544 1680 773 1765 όποδείγματος
806 1679 930 1762 ἕνεκεν,
961 1682 998 1745 οό
1028 1681 1087 1765 την
1123 1683 1156 1743 έν
1184 1683 1226 1766 τῷ
1258 1682 1348 1763 μέρει
1370 1684 1429 1762 τῆς

325 1779 434 1883 γιόνος
453 1782 623 1865 λευκότητα
639 1786 735 1868 μέρος
754 1776 792 1847 όν
814 1788 954 1869 φαίημεν
975 1785 1031 1865 τῆς
1053 1785 1086 1845 έν
1099 1784 1225 1866 πλείστη
1245 1780 1331 1865 χιόνι
1354 1785 1429 1843 λευ-

326 1883 464 1966 νότητσς,
485 1882 565 1947 α’λλό
586 1889 705 1968 μέρους
736 1888 795 1964 μέν
818 1881 928 1967 χιόνος
959 1883 1151 1968 λευκότητα,
1173 1884 1270 1965 μέρος
1292 1883 1328 1945 δέ
1352 1888 1430 1945 λευ-

300 2062 303 2071 .
325 1982 455 2069 κότητος
476 1979 600 2067 ἥκιστα·
646 1978 768 2069 όογκον·
782 1983 844 2070 γόρ
866 1990 921 2049 καί
940 1977 1059 2049 όποσον
1080 1984 1154 2047 καθ’
1174 1978 1253 2046 αότό
1274 1981 1331 2047 καί
1346 1983 1473 2064 cipi-15

257 2070 457 2168 “redacti
480 2085 652 2169 λευκότης,
682 2086 726 2163 ὥς
761 2087 930 2151 δέδεικται.
982 2086 1063 2151 τίδὲ
1083 2086 1168 2168 μηδέ
1189 2082 1425 2167 συμβεβηκόςῆ

162 2192 164 2196 ’
326 2182 475 2260 όνοόσιος
499 2180 579 2270 αὕτη
600 2192 823 2271 συγχωρεῑταί.
834 2209 885 2251 σοι
920 2190 1064 2269 γίνεσθαι
1085 2188 1243 2269 ένέργεςα,
1263 2185 1329 2247 nod
1344 2182 1427 2249 ταό-

324 2285 382 2370 τὴν
403 2291 534 2351 θετέον·
578 2289 647 2371 λέγε
668 2292 732 2351 καί
744 2291 911 2369 νομοθέτει
925 2286 977 2353 σό.
1021 2291 1078 2371 τῆς
1096 2284 1158 2370 γόρ
1174 2287 1231 2351 τοῦ
1248 2279 1333 2361 όντος
1352 2310 1428 2369 φοο-

323 2387 378 2470 νῆς
406 2391 452 2462 εἰς
483 2388 595 2453 οδσίαν
621 2392 678 2453 καί
698 2389 900 2473 συμβεβηκός
924 2392 1165 2473 διαιρουμένης,
1186 2390 1218 2453 εί
1236 2384 1308 2470 μήτ’
1329 2386 1427 2451 οδσία

323 2484 406 2570 μήτε
428 2487 629 2574 συμβεβηκός
650 2487 718 2574 εἴη,
746 2493 809 2555 τῶν
830 2484 927 2563 όντων
954 2491 1012 2556 osia
1033 2482 1073 2555 όν
1093 2491 1226 2575 λέγοιτο.
1281 2491 1424 2553 λείπεται
1433 2492 1469 2547 20

324 2581 390 2670 doc
413 2587 458 2673 μὴ
481 2581 517 2654 όν
538 2593 571 2667 ἐξ
592 2590 728 2678 οἶνόγκης
747 2596 907 2674 λέγεσθαι.
951 2586 1035 2675 αότη
1055 2594 1116 2657 τοόν
1136 2594 1253 2658 καινιόν
1271 2614 1330 2656 σου
1352 2594 1425 2674 δογ-

322 2686 472 2776 μότωνῆ
496 2697 653 2778 τερατεία,
677 2698 753 2759 καλὲ
777 2696 940 2776 Παλαμᾶ,
958 2693 995 2758 τό
1016 2693 1177 2760 πιστεόειν
1198 2695 1244 2771 είς
1260 2689 1294 2759 τό
1318 2691 1363 2777 μὴ
1387 2688 1425 2759 όν

396 2946 497 3012 Quodsi
507 2948 535 3000 in
546 2947 674 3018 qualitate
685 2965 754 3020 quse
763 2949 953 3019 magnitudinis
965 2949 1180 3018 etamplitudinis
1192 2956 1233 3002 est
1242 2965 1348 3018 expers,
1358 2965 1424 3018 par.

323 3022 377 3072 tom
389 3033 444 3070 nou
463 3017 530 3072 licet
547 3021 656 3090 proprie
674 3021 779 3088 dicere,
796 3038 897 3092 ‚neque
915 3023 1123 3090 magnitudinem
1141 3020 1224 3073 ullam
1241 3023 1359 3074 adiicere
1378 3031 1424 3075 aut

223 3101 226 3116 ¹
324 3089 480 3144 detrahere:
500 3107 589 3162 neque
602 3094 671 3145 cuim
680 3095 791 3146 dicimus
801 3109 921 3163 maguam
931 3110 1020 3164 neque
1033 3109 1140 3160 parram
1150 3089 1341 3146 albitudinemr‘
1351 3095 1424 3146 mul.

323 3168 378 3214 tum
388 3163 511 3230 proiecto
522 3166 581 3218 sive
592 3167 680 3232 potius
691 3180 769 3217 omne
779 3166 864 3230 abest,
882 3174 912 3217 ut
921 3166 954 3217 de
967 3167 1057 3218 divina
1070 3165 1187 3217 essentia
1196 3164 1260 3217 talia
1274 3167 1423 3234 cogitemus

325 3241 351 3285 et
362 3234 490 3300 dicamus,
504 3252 572 3305 quae
585 3238 792 3305 magnitudinem
806 3246 834 3290 et
846 3238 1003 3304 parvitatem
1013 3237 1080 3288 lecit
1092 3245 1119 3288 et
1132 3251 1238 3302 semper
1253 3237 1335 3291 lacit:
1355 3236 1422 3304 lpaeo

324 3312 412 3358 autem
433 3316 560 3360 enatura
578 3307 654 3360 nullo
671 3310 748 3362 modo
765 3310 907 3378 quidquem
922 3317 963 3361 est
976 3323 1076 3372 eorum,
1096 3324 1164 3376 quae
1184 3308 1249 3364 lecit
1270 3316 1297 3359 et
1316 3323 1423 3375 semper

324 3375 404 3430 lacit:
423 3393 512 3447 neque
530 3380 619 3446 prodit
637 3381 665 3432 iu
683 3379 899 3448 amplitudinem,
925 3396 1014 3448 neque
1034 3396 1148 3449 unquam
1168 3380 1306 3446 procedet,
1323 3382 1422 3431 etenim

220 3459 227 3464 ·
324 3449 394 3516 quod
407 3451 582 3518 amplitudine
593 3451 676 3503 maius
686 3453 724 3516 lit,
739 3452 766 3504 vi
777 3453 807 3504 lit
819 3454 907 3504 minus
919 3452 1025 3519 eoquod
1036 3452 1077 3503 vis
1088 3451 1269 3520 magnitudine
1280 3454 1421 3503 maximum

324 3527 375 3585 est,
396 3520 429 3572 ab
448 3521 621 3590 amplitudine
640 3523 802 3591 relinquitur
820 3525 908 3588 omni,
927 3531 956 3574 ut
972 3524 1112 3575 maximum
1126 3538 1213 3590 acque
1231 3538 1336 3589 semper
1356 3539 1421 3590 per.

322 3599 437 3644 maneat.
482 3595 580 3646 etenim
607 3595 630 3646 si
653 3595 686 3646 de
713 3595 861 3647 albitudine
890 3611 959 3664 quae
986 3602 1026 3646 est
1053 3596 1081 3645 in
1104 3596 1169 3646 nive
1187 3593 1303 3645 velimus
1321 3595 1422 3657 dicere,

327 3663 445 3732 exempli
463 3666 559 3736 gratia,
577 3681 632 3718 non
650 3665 825 3718 albitudinem
844 3682 912 3734 quae
932 3674 973 3717 est
990 3667 1018 3716 in
1037 3673 1113 3733 parte
1130 3666 1202 3718 nivis
1222 3666 1339 3717 dicamus
1357 3683 1421 3732 par·
1495 3678 1513 3725 ·,

323 3741 377 3786 tem
396 3735 550 3790 albitudinis
578 3753 647 3805 quac
676 3746 716 3790 est
736 3740 764 3788 in
783 3737 896 3803 plurima
914 3738 999 3803 nive,
1018 3740 1065 3790 sed
1084 3736 1257 3789 albitudinem
1275 3739 1358 3804 partis
1376 3739 1421 3788 ni.
1512 3730 1513 3751 ¹

323 3806 385 3870 vis,
407 3807 515 3858 minime
534 3817 622 3860 autom
641 3818 742 3876 partem
762 3809 925 3862 albitudinis.
962 3809 1143 3876 amplitudinis
1169 3810 1239 3860 enim
1263 3817 1289 3860 et
1313 3811 1421 3877 quanti-

323 3877 387 3928 tatis
408 3893 504 3945 expers
522 3895 572 3948 per
589 3895 618 3931 se
640 3889 667 3932 et
685 3881 874 3948 magnitudinis
890 3888 930 3932 est
946 3880 1076 3946 albitudo,
1095 3888 1125 3931 ut
1144 3881 1350 3932 demonstratum
1371 3889 1420 3932 est.

325 3947 366 3999 sin
386 3957 475 4000 autem
493 3966 528 4004 ue
546 3952 669 4004 accidens
689 3953 795 4020 quidem
814 3968 875 4004 esse
893 3951 960 4003 hacc
986 3952 1168 4004 inessentialia
1187 3968 1203 4003 a
1223 3961 1250 4004 te
1265 3953 1421 4004 conceditur

326 4018 484 4087 ellicieutia,
504 4021 549 4074 ubi
572 4039 628 4074 eam
650 4021 803 4090 ponemus?
839 4025 881 4076 dic
901 4032 928 4075 et
941 4025 1043 4091 impera
1060 4033 1104 4076 tur
1124 4025 1271 4076 cumcuim
1290 4039 1344 4076 vox
1363 4025 1421 4075 eius

326 4091 396 4160 quod
430 4101 471 4146 cst
497 4095 525 4145 iu
548 4096 691 4147 essentiam
720 4103 747 4146 et
773 4095 899 4148 accidens
917 4096 1066 4160 dividatur,
1085 4096 1109 4147 si
1128 4094 1285 4164 illoneque
1304 4097 1422 4148 essentia
1507 4138 1511 4159 ,

325 4170 366 4216 est
384 4179 473 4234 neque
492 4167 633 4231 accidens,
652 4181 707 4218 non
726 4167 778 4218 dici
796 4175 887 4234 potest
905 4167 1046 4236 quidquam
1073 4181 1164 4222 eorum
1183 4174 1349 4236 quaesunt:
1373 4185 1421 4220 re.
1510 4200 1511 4239 η

323 4233 454 4303 linquitur
473 4237 556 4306 igitur
582 4238 736 4290 necessario
762 4246 862 4291 utnon
894 4254 954 4291 esse
977 4239 1088 4291 dicatur.
1131 4238 1183 4290 hae
1207 4248 1269 4290 suut
1288 4253 1421 4291 novorum

323 4313 429 4362 luorum
447 4310 598 4379 dogmatum
623 4310 806 4380 praestigiae,
824 4310 931 4364 l'alama
950 4311 1077 4382 egregie,
1099 4319 1128 4364 ut
1147 4311 1239 4364 credas
1257 4312 1285 4364 in
1305 4311 1332 4364 id
1350 4311 1422 4382 quod
