3184 5100
225 371 231 381 ’
308 395 815 483 memmae-‘nummum
833 409 973 485 xatus
996 407 1034 488 1.
1055 402 1096 488 t.
1195 401 1270 486 tir

163 572 197 638 τό
218 577 276 638 rori
291 575 433 656 πόματος
449 576 672 661 χλιαρόειρον,
695 580 773 663 πλήν
794 575 815 662 ή
834 575 887 644 ότε
909 581 1038 662 συμβάν
1061 585 1182 647 οδεωοί
1201 603 1269 658 πως

166 674 258 758 ήλίου
280 673 337 758 τήν
368 678 431 739 τοῖν
453 679 559 759 νεφῶν
581 677 768 762 διασχόντος
788 683 980 762 συνέχειαν,
1012 684 1066 746 καί
1091 705 1179 756 τινας
1212 667 1266 745 tio

164 777 220 858 τής
242 778 376 858 θυρίδος
405 777 539 861 ἀφέντος
573 778 702 855 α’κτῖνας
732 784 777 854 είς
805 778 858 844 τόν
885 778 960 861 ἐμόν
983 783 1096 846 τοῦτον
1119 783 1268 861 οἰκίσκον,

165 877 316 956 α’μυδρόν
336 899 407 940 τινα
429 874 488 959 τήν
510 877 608 943 α’λέιιν
632 885 708 953 τέως
731 882 772 968 τῷ
803 876 898 946 δ’δατι
921 878 1119 966 παρειχόμην
1141 884 1186 956 εἰς
1209 880 1270 944 πό-

139 983 214 1040 boso
228 978 349 1063 ἐκείνῳ,
367 973 517 1064 όντβμωξέ
529 1001 562 1042 τε
581 974 733 1061 βόθιονό
757 980 848 1063 α’νήρ,
870 981 925 1045 καί
938 979 1101 1062 ποταμοός
1124 983 1271 1062 δακρύων

164 1077 267 1162 α’φήκε
289 1079 351 1140 τῶν
374 1077 568 1162 ὀφθαλμοῖν.
615 1078 673 1161 ἐγοό
700 1084 728 1143 δ’
743 1084 868 1162 ἐπέχειν
889 1081 1060 1163 βουλόμεος
1076 1082 1112 1146 τό
1134 1105 1169 1144 τε
1189 1074 1326 1165 ήθοςμ·
1381 1096 1398 1123 2

164 1177 363 1259 ἀπήλλαττον
385 1177 430 1252 εἰς
451 1176 486 1241 τό
508 1181 716 1262 χαριέστερον
738 1186 793 1245 καί
813 1176 881 1261 όμα
902 1179 960 1263 τήν
983 1180 1104 1246 ἐκείνου
1126 1177 1271 1245 διάνοιαν

164 1275 369 1360 α’πησχόλουν
399 1275 519 1342 ἐκεῖθεν
545 1280 589 1354 εἰς
611 1283 723 1364 ἕτερα,
756 1281 812 1345 καί
831 1280 889 1364 τήν
910 1284 972 1346 τῶν
996 1279 1057 1360 ἔξω
1078 1278 1272 1366 πραγμάτων

164 1375 309 1462 α’πήτουν
339 1373 511 1464 όφήγηοιν.
568 1373 644 1446 όθεν
665 1385 781 1456 ἐκεῖνος
812 1380 986 1465 α’ρξόμενος
1008 1377 1131 1448 ἄνωθεν
1152 1377 1272 1448 οὑτωσί

123 1489 153 1541 to
163 1479 311 1562 διηγεῖτο

211 1574 380 1659 .”Οπλα,
405 1583 517 1665 φησίν,
540 1580 698 1662 εἰρόμενος
721 1608 735 1645 ο
728 1579 909 1662 “βαοιλεός
930 1580 1193 1668 Καντακουζηκός
1214 1584 1273 1668 λή-
1280 1614 1306 1667 ῃ

162 1704 270 1763 γοντος
291 1673 350 1764 ήδη
372 1685 431 1744 τοῦ
453 1685 568 1764 πέρυσι
589 1685 707 1764 θέρους
730 1683 896 1798 Ματθμίιρ
917 1687 976 1763 μέν
999 1682 1092 1772 α’πήιι
1114 1690 1157 1772 τῷ
1178 1671 1273 1749 παιδί

162 1779 403 1862 συμμαχήσων,
437 1779 650 1902 Παλαιολόχφ
672 1785 706 1846 δὲ
735 1780 937 1864 μαχούμενος
964 1786 1008 1870 τῷ
1028 1785 1171 1870 γαμβρῷ,
1189 1779 1273 1848 Ῥω-

161 1880 270 1962 μαίων
290 1885 348 1962 μὲν
370 1881 438 1961 οὐδ’
468 1872 545 1964 όχρι
570 1885 625 1946 καί
645 1906 690 1959 εις
718 1878 867 1966 ἐξήκοντα
900 1884 1094 1966 ἐπαγόμενος
1115 1885 1272 1969 στρατιαὶ·

123 1995 228 2061 15τας,
253 1981 446 2046 Κατελόνων
468 1984 496 2044 δ’
529 1974 585 2045 σόν
606 1984 660 2048 καί
679 1985 854 2066 βαρβάρων
880 1983 960 2066 ὑπὲρ
985 1986 1121 2066 χιλίους.
1162 1986 1272 2048 σόνοι-

162 2107 218 2147 κον
239 2080 300 2168 γάρ
322 2109 391 2148 τινα
413 2085 492 2149 κατόι
520 2081 687 2166 Ῥωμαίων
709 2083 792 2168 ἔχων
823 2085 968 2167 όποψίιιν
989 2089 1027 2149 ἐκ
1045 2091 1164 2152 πολλοῦ
1188 2087 1270 2170 πρός

163 2186 343 2266 α’τιέχθειαν
376 2183 585 2269 οἷνεκλόλητον
617 2191 769 2251 τοσοῦτον
796 2187 899 2267 ἐμισει
921 2185 976 2250 καί
997 2185 1160 2251 οἶαεσείετυ
1175 2192 1269 2273 ,σφᾶς

163 2278 238 2349 δ’σον
267 2287 372 2370 ἐφίλει
402 2309 436 2349 τε
470 2290 525 2350 καί
555 2289 704 2370 προσίετο
732 2292 950 2371 βαρβάρους.»
971 2290 1134 2353 ,τοσοῦτον
1169 2290 1198 2352 δ’
1226 2280 1270 2353 αέ

162 2389 302 2467 ἐμισεῖτο
325 2385 437 2470 σφίσιν
457 2381 530 2451 όσον
552 2389 691 2473 ἐφιλεῖτο
712 2385 902 2470 βαρβάροις,
924 2380 970 2452 ότι
991 2391 1101 2471 σχῆμα
1122 2392 1272 2469 ποιμένος

123 2477 355 2571 λθιίνειληφιός,
377 2485 554 2571 βαρβάροις
584 2486 688 2562 λόκοις
710 2487 753 2562 είς
784 2484 946 2571 προνομήν
975 2489 1075 2552 ἐτίθει
1097 2487 1212 2575 ῥᾳδίαν
1232 2485 1268 2553 τό

163 2593 310 2668 ποίμνιον
340 2584 443 2651 ἑκοντί
469 2590 542 2668 μεθ’
575 2588 695 2671 ἡμέραν
730 2587 784 2651 καί
805 2586 926 2672 νόκτωρ
952 2589 1019 2667 αἐί,
1041 2588 1084 2664 ὥς
1106 2587 1151 2671 μή
1171 2588 1269 2670 μόνον

163 2692 198 2753 ἐν
219 2693 290 2775 χρῷ
312 2686 345 2752 τό
368 2685 454 2771 ἐριον
476 2694 661 2773 κείρεσθαι,
692 2687 772 2751 α’λλό
794 2692 849 2751 καί
868 2691 971 2753 ατίτοῦ
990 2713 1025 2771 γε
1047 2679 1110 2772 ήδη
1129 2692 1272 2771 γυμνοῦ-

162 2794 243 2855 σθαι
267 2792 323 2855 ror]
349 2792 524 2872 δέρματος,
546 2790 590 2875 μή
622 2789 720 2872 μόνον
741 2790 829 2876 αὐτῷ
849 2788 908 2867 τός
930 2793 981 2854 αἴτι’
1001 2796 1184 2876 καινοτέρας
1204 2793 1270 2856 τεόν

163 3084 195 3137 ad
216 3083 330 3137 calidum
350 3090 442 3151 potum
460 3082 523 3149 nisi,
551 3098 630 3151 quum
650 3080 719 3135 forte
738 3079 779 3136 sol
799 3082 889 3135 densis
908 3079 1022 3135 nabibus
1040 3078 1159 3135 disiectis
1177 3081 1266 3137 radios

163 3173 213 3224 per
231 3157 374 3208 fenestram
395 3158 423 3207 in
442 3156 493 3207 boo
511 3154 662 3206 cubiculum
681 3168 767 3206 meum
790 3162 914 3221 tanquam
932 3155 960 3205 in
981 3154 1120 3205 obscurum
1139 3162 1266 3221 recepto·
1330 3163 1340 3171 '

163 3228 255 3279 culum
271 3229 443 3291 immisisset,
472 3241 565 3295 aquarn
585 3226 659 3277 iliam
679 3226 718 3297 [ad
745 3226 881 3278 libentium
907 3224 1069 3277 adhiberem.
1112 3231 1193 3293 atque
1211 3226 1268 3277 alte
1379 3247 1384 3257 ⁴

162 3300 324 3351 lamentatus
343 3301 386 3350 vir
404 3298 453 3350 ille
471 3312 592 3365 magnam
612 3299 665 3349 vim
683 3298 849 3349 lacrimarum
868 3297 995 3363 profudit.
1034 3296 1155 3364 equidem
1169 3304 1200 3348 nt
1216 3312 1267 3349 sn.
1367 3314 1372 3324 ·

162 3380 319 3435 stentarem,
339 3371 427 3421 animo
439 3370 472 3422 ad
483 3369 641 3420 iucundiora
653 3378 792 3434 revocato,
811 3368 885 3420 iilius
897 3376 1013 3419 mentem
1026 3368 1055 3418 in
1074 3366 1184 3418 alteram
1203 3368 1267 3419 iude

161 3450 266 3509 partem
285 3442 397 3493 distravi
417 3449 444 3491 et
463 3442 665 3508 peregrinarum
685 3458 773 3493 rerum
793 3442 973 3492 narrationem
993 3438 1138 3506 postulavi.
1174 3439 1267 3507 itaquo
1353 3496 1362 3517 t
1436 3492 1442 3499 ,

160 3528 272 3565 narrare
292 3513 342 3564 ille
361 3512 451 3579 coepit
470 3512 512 3563 his
531 3511 631 3564 verbis.

265 3609 355 3676 Captis
383 3610 465 3677 igitur
485 3609 579 3672 armis,
605 3608 709 3677 inquit,
737 3586 1021 3673 Cantaeuzenusrex‚
1041 3616 1132 3659 exacta
1151 3608 1266 3691 proximi

161 3684 226 3735 anni
246 3689 358 3749 aestate,
373 3680 511 3747 profectus
533 3688 573 3731 est
592 3688 620 3731 ut
639 3696 696 3731 cum
716 3680 849 3733 Matthaeo
869 3680 926 3755 filio
950 3678 1016 3730 belli
1035 3681 1190 3743 societatem
1209 3679 1265 3730 ini-

160 3763 213 3805 ret.
253 3754 424 3803 dimicaturus
446 3753 515 3803 enim
535 3768 593 3801 cum
612 3750 776 3819 Palaeologo
802 3766 904 3818 genero
920 3747 977 3803 vix
1004 3752 1143 3820 sexaginta
1163 3752 1264 3802 Roma.

160 3830 257 3876 norum
277 3824 377 3875 milites
396 3838 486 3874 secum
507 3823 629 3874 ducebat.
667 3822 758 3891 itaque
773 3838 852 3891 quum
870 3823 1026 3874 advenisset
1043 3830 1069 3873 et
1087 3824 1115 3873 in
1134 3822 1265 3883 communi

161 3896 335 3948 barbarorum
356 3896 510 3959 suspicione
531 3894 678 3945 iamdudum
700 3902 726 3944 et
744 3894 771 3943 in
792 3895 853 3945 odio
870 3893 1024 3944 incredibili
1043 3893 1265 3945 baberetRoma-

161 3982 223 4031 nos,
244 3974 317 4017 tanta
338 3980 384 4017 eos
405 3964 453 4015 ille
475 3966 575 4016 invidia
600 3964 792 4029 aversabatur,
813 3972 910 4031 quanta
931 3966 958 4014 iu
977 3964 1104 4015 barbaros
1124 3964 1264 4016 voluntate

162 4048 188 4090 et
210 4038 299 4090 studro
315 4034 508 4103 propendebat
525 4044 605 4103 atque
624 4036 660 4085 its
679 4036 787 4087 odiosus
802 4036 867 4099 rlirs
887 4042 917 4085 ut
934 4035 1053 4088 barbaris
1075 4037 1184 4088 amicus.
1204 4051 1265 4087 nam

161 4111 239 4179 quasi
262 4116 352 4175 pastor
374 4108 492 4158 barbaris
510 4106 580 4173 lupis
605 4122 714 4174 gregem
742 4107 787 4157 diu
808 4115 944 4174 noctuque
968 4107 1001 4158 ad
1022 4108 1150 4159 mendum
1162 4115 1265 4191 'sponte

160 4181 303 4265 praebuit,
328 4187 357 4229 ut
380 4194 435 4229 nou
460 4178 546 4229 solum
574 4176 776 4244 undiquelanis
796 4178 989 4229 vellicarentur
1014 4194 1098 4243 aves,
1119 4180 1265 4230 sedetiam

159 4254 227 4319 ipsis
247 4251 405 4302 orbarentur
426 4250 558 4320 pellibus,
577 4266 655 4317 quum
675 4264 728 4299 non
746 4248 853 4300 solum'
846 4251 897 4316 ipsi
915 4249 1046 4301 solvenda
1066 4257 1155 4301 essent
1178 4264 1265 4301 annua

159 4324 272 4389 tributa,
290 4320 337 4375 sed
355 4322 434 4373 etiam
451 4315 579 4386 barbaris,
598 4328 741 4389 propterea
760 4322 830 4389 quod
849 4336 934 4391 usqne
954 4322 986 4375 ad
1007 4328 1098 4389 portas
1121 4322 1218 4374 vineae
1237 4326 1265 4371 et

228 4418 393 4491 Νίτιρδιοτιιι
413 4418 523 4490 (ἔταροι.
550 4416 603 4471 Vol.
622 4416 677 4473 111.
1048 4417 1082 4471 12
