3184 5100
350 392 424 471 tao
486 378 510 453 ·'
655 378 882 471 uicernoar
918 398 1151 467 caucoaas

349 586 407 629 στα
429 562 554 628 πάντων
585 564 727 631 ἐνταῦθα
759 567 834 650 περί
853 566 969 651 σοφίας
1005 560 1288 686 φιλοσοφήσαντα,
1307 584 1366 623 και
1359 556 1469 622 διε-

349 664 442 730 λόντα
470 668 582 753 σαφοδς
615 662 768 751 ἑκάτεροι,
797 665 855 750 τήν
883 689 916 731 τε
948 666 1067 749 σοφίαν
1088 659 1144 747 τήν
1176 653 1333 748 ἇκτιστον,
1354 650 1446 725 δι’
1425 684 1467 744 ης

350 766 405 831 καί
429 770 462 831 ἐν
491 759 512 855 ᾗ
541 767 578 833 τοὶ
612 769 715 835 πάντα
748 771 870 853 μέμονε,
901 767 956 831 καί
983 758 1028 829 ad
1055 762 1112 848 τήν
1140 762 1194 829 δτί
1214 763 1313 849 αδτής
1334 787 1391 827 και
1386 762 1463 823 δι’

349 860 449 951 αδτής
463 872 724 953 συννφανθείσαν
737 870 792 931 καί
804 872 1013 933 συντεθεῖσαν
1026 865 1151 953 οδρανφ
1137 867 1219 930 καί
1238 868 1280 951 γῇ
1298 868 1354 928 καί
1375 866 1463 925 πᾶσι

347 970 497 1049 τεχνικοῖς
522 990 554 1033 τε
583 972 638 1033 καί
664 974 772 1091 σοφῶς
794 976 860 1043 τοῖς
889 973 1049 1050 κτίσμασι,
1069 963 1169 1048 ψιλήν
1189 968 1246 1029 καί
1268 963 1487 1036 εἰνακόσια-5

347 1090 398 1133 τον
422 1067 564 1152 φάμενον
582 1072 655 1133 καθ’
676 1067 777 1153 αδτήν
799 1071 956 1133 ε’ννίνοιαν.

250 1178 337 1235 1⁰2
443 1167 513 1233 Ἐπί
532 1168 570 1255 δή
592 1168 716 1247 τούτοις
737 1174 792 1233 καί
812 1178 879 1246 τοῖς
898 1166 1054 1245 τοιούτοις
1077 1166 1306 1253 αολδςέφεξής
1329 1165 1462 1249 δΓρη-

347 1272 444 1352 γορᾶς
466 1268 564 1355 ε’ρρδη
586 1276 789 1353 κατατρέχων
814 1273 982 1350 Παλαμοῖν
1004 1293 1036 1334 τε
1065 1265 1166 1333 ariscio
1192 1272 1248 1333 καί
1268 1268 1326 1342 τοίς
1349 1266 1462 1331 αυτοῦ

346 1374 564 1456 βλασφημίας,
585 1369 751 1454 ἀλλότριον
765 1369 981 1455 ίνιιστήμης“
962 1369 1087 1453 ααιὶσης
1105 1365 1228 1444 δεικννς
1242 1371 1298 1453 τής
1312 1392 1346 1433 τε
1369 1367 1458 1452 ήμι-

348 1472 441 1550 τέρας
464 1468 519 1533 καί
538 1473 696 1552 θύραθεν.
742 1472 783 1533 δι’
806 1468 829 1533 δ
850 1472 904 1535 καί
926 1475 1037 1545 κακιάς
1057 1460 1188 1553 ὄργανον
1206 1472 1364 1551 γεγονέναι
1391 1465 1495 1555 (ip-10

349 1570 426 1644 δι’ως
448 1569 546 1635 αίτὸν
568 1573 716 1653 ἐβεβαίου
727 1592 759 1634 τε
783 1568 839 1634 καί
852 1574 1071 1654 σονεοδραινε,
1091 1570 1146 1650 τῆς
1167 1569 1310 1652 α’ληθοῦς
1330 1575 1456 1653 σοφίας

348 1665 483 1749 εἰσάπαξ
508 1670 710 1754 ἀπερρωγότα
730 1675 784 1736 καί
801 1673 1064 1753 ἐκτετοπισμένοι.
1117 1666 1192 1733 ὅθεν
1213 1667 1230 1731 δ
1251 1667 1456 1752 βαρίστονος

208 1774 229 1833 i.
248 1777 301 1832 152
311 1792 337 1831 ν.
348 1770 465 1844 ἐκεῖνος
486 1768 540 1835 καί
560 1770 723 1854 α’λιτήριος
749 1775 876 1855 πληγείς
905 1771 964 1855 τήν
995 1774 1129 1855 καρδίαν
1150 1773 1205 1833 καί
1224 1760 1290 1832 οἷον
1311 1768 1456 1851 ἐμβρόν-

347 1895 437 1958 νητος
457 1870 591 1955 μεγονοδς
607 1873 685 1956 ἐβόα
700 1894 733 1937 νε
757 1872 897 1957 ἆσελγοδς
909 1918 920 1950 ,
941 1870 979 1937 τοὶ
1004 1873 1128 1955 συνήθη
1150 1867 1279 1956 φδρδην
1294 1867 1349 1933 καί
1371 1893 1456 1951 συγ-

261 1972 265 1977 ’
347 1978 529 2055 κεχομίνως
551 1976 727 2058 συνείρων,
760 1975 815 2037 καί
841 1964 906 2037 οἷον
936 1976 1034 2038 εἰπεῖν
1053 1970 1202 2055 ἒμεμήνει
1223 1968 1259 2034 τὸ
1282 1970 1495 2051 addappa.15

347 2072 397 2136 διὸ
421 2077 475 2138 καί
497 2072 512 2137 δ
532 2072 684 2155 βασιλεδς
706 2072 807 2141 οἱονεί
820 2097 886 2149 κως
910 2075 1012 2139 ου’νοῦ
1034 2067 1236 2159 φειδόμενος,
1261 2069 1374 2154 ιιροὶως
1397 2075 1454 2135 καί

346 2171 424 2257 perci
443 2175 560 2297 σεμνοῦ
583 2176 794 2257 μειδιάματος
807 2176 961 2259 στραφείς
976 2170 1068 2294 ηρδς
1077 2170 1133 2237 τὸν
1150 2176 1180 2238 Γ
1179 2176 1328 2258 ρηγορᾶν,
1343 2170 1453 2257 ἡσυχῇ

347 2298 412 2349 ιιως
435 2301 486 2340 και
517 2270 592 2341 ὅσον
621 2277 666 2360 μή
689 2276 901 2357 ἐξακούεσθαι
930 2273 1011 2356 νιρός
1033 2299 1088 2339 τον
1109 2276 1294 2354 Παλαμοῖν,
1313 2266 1451 2395 παρήκει

346 2399 380 2439 τε
401 2381 456 2441 καί
478 2378 688 2499 σρνεβοίλεαε
709 2382 894 2460 αραοτέρως
912 2375 1105 2441 α’ννιδιδὸναι
1122 2373 1197 2451 τοδς
1218 2373 1331 2456 λόγους
1352 2372 1453 2458 adop,

250 2528 261 2546 .
346 2500 436 2567 μη
405 2501 435 2539 τι
458 2477 514 2540 καί
535 2473 622 2566 παθη
636 2502 700 2541 των
721 2464 893 2563 ἀδοκήτων.
917 2471 1036 2539 od’‘’'
1016 2500 1106 2541 εσται
1119 2479 1204 2542 taor
1233 2468 1451 2558 οἰνιοκρινιίμε-
1432 2487 1493 2543 -20

299 2649 304 2661 ,
346 2597 398 2650 νος
420 2575 578 2661 ἑσιοὶαησε
601 2581 658 2642 τοῦ
683 2579 807 2642 λοιποῦ.

251 2687 336 2742 lat!
439 2669 530 2761 “Oya
563 2679 626 2764 μήν
649 2679 814 2758 Παλαμοῖς
845 2677 902 2764 τήν
930 2672 1048 2744 {coroa
1034 2672 1299 2761 βοολόμινος”
1279 2699 1326 2740 οτι
1347 2681 1450 2740 πολο-

346 2979 468 3034 admirari
495 2979 635 3034 blaximnm
660 2979 737 3033 ilium
765 2980 885 3050 dipinum
904 2980 1014 3049 piatatis
1037 2987 1255 3048 praeceptorem,
1283 2980 1355 3050 qnod
1383 2979 1446 3048 pni.

346 3052 479 3104 cbarrime
507 3053 622 3104 omnium
655 3052 700 3104 bic
725 3053 758 3105 ds
790 3055 924 3121 sapientia
954 3052 1159 3119 philosophatus
1185 3059 1226 3103 cst
1260 3060 1287 3104 et
1309 3052 1446 3120 sapienter

346 3131 487 3192 utrumque
506 3125 633 3189 secrevit,
655 3125 813 3192 sapientiam
831 3126 955 3176 nimirum
974 3125 1128 3189 increatam,
1146 3139 1198 3194 qna
1221 3125 1292 3174 etin
1311 3138 1363 3192 qua
1382 3125 1444 3174 uui.

345 3210 424 3246 versa
451 3195 619 3259 factasunt,
645 3203 671 3246 et
700 3212 790 3248 rursus
816 3196 928 3249 alteram
951 3195 984 3247 ab
1010 3211 1042 3248 ca
1068 3203 1094 3247 et
1122 3211 1170 3262 per
1198 3210 1256 3245 eam
1274 3196 1400 3246 intextam
1419 3201 1445 3244 et
1506 3238 1507 3247 ,

345 3268 517 3333 compositam
538 3266 616 3318 coelo
638 3275 665 3318 et
682 3276 770 3318 terrae
790 3275 817 3318 et
836 3267 956 3318 omnibus
976 3267 1073 3318 creatis
1097 3267 1243 3318 artificiose
1263 3274 1290 3316 et
1310 3267 1444 3332 sapienter
1506 3270 1507 3281 ¹

344 3353 421 3406 quam
442 3347 548 3390 tenuem
567 3338 632 3390 dicit
652 3345 679 3389 et
698 3338 862 3390 substantiae
883 3347 1018 3390 carentem
1037 3353 1086 3404 per
1104 3354 1134 3390 se
1153 3338 1354 3406 cogitationem.

443 3435 483 3486 bd
503 3433 570 3484 baec
592 3440 618 3484 et
636 3427 710 3484 talia
717 3434 814 3485 deinde
832 3434 965 3502 Gregoras
982 3433 1079 3485 multas
1098 3449 1159 3487 snas
1179 3433 1349 3486 inPalamam
1369 3435 1442 3486 eins·
1505 3422 1506 3443 ¹

344 3520 396 3573 quo
416 3505 540 3556 convicia
559 3503 651 3556 effudit
669 3506 880 3557 insectationes.
908 3521 967 3581 epm
987 3506 1141 3558 ostenderet
1168 3505 1285 3557 alienum
1306 3521 1363 3556 eum
1383 3521 1442 3556 esse
1505 3522 1506 3533 ¹

343 3577 375 3628 ab
396 3577 466 3627 omni
486 3576 598 3627 scientia
618 3583 646 3627 et
664 3583 755 3627 nostra
775 3585 802 3627 et
822 3585 941 3640 exterum
965 3586 1129 3643 quapropter
1144 3578 1221 3628 etiam
1242 3577 1378 3642 pravitatis
1397 3577 1441 3626 in.
1504 3628 1505 3651 ¹

344 3655 518 3700 strumentum
537 3646 613 3698 ilium
633 3647 732 3698 iactum
752 3663 813 3700 esse
835 3648 916 3700 facile
929 3647 1078 3698 affirmabat
1090 3656 1118 3698 et
1137 3647 1324 3711 concludebat,
1344 3663 1358 3698 a
1378 3664 1440 3699 vera

343 3719 475 3785 capientia
494 3717 578 3770 semel
599 3718 738 3785 abruptum
759 3727 786 3769 et
799 3719 930 3770 exsulem.
968 3719 1064 3770 deinde
1083 3720 1164 3770 miser
1183 3719 1233 3770 ille
1253 3727 1280 3769 et
1298 3719 1439 3785 piacularis
1504 3756 1506 3787 f

343 3797 437 3854 pectus
458 3789 567 3855 pulsans
587 3797 614 3840 et
632 3797 661 3842 ut
680 3791 809 3841 attonitus
828 3791 907 3841 nimis
936 3788 1016 3840 valde
1036 3789 1180 3853 clamabat,
1200 3791 1338 3841 notissima
1357 3791 1439 3841 indis.

342 3867 416 3910 certe
444 3868 471 3910 ct
498 3860 610 3912 consitae
630 3877 791 3924 conserens,
821 3869 848 3911 et
878 3868 908 3911 ut
936 3861 974 3910 ita
990 3861 1078 3910 dicam
1098 3860 1204 3911 furebat
1230 3860 1335 3912 hostiae
1353 3861 1437 3912 modo.

342 3937 486 3996 propterea
506 3932 583 3980 etiam
603 3948 651 3983 rex
670 3933 861 4015 quodammodo
882 3933 907 3981 ei
927 3946 1041 3998 parcens
1062 3940 1089 3984 et
1108 3930 1214 3998 placido
1232 3932 1374 3999 animoque
1391 3947 1437 3982 ae

342 4013 395 4067 qno
416 4008 442 4050 et
462 4008 574 4068 angusto
594 4017 652 4052 cum
670 4005 726 4054 risu
753 4004 786 4054 ad
806 4002 951 4070 Gregoram
980 4017 1146 4067 conversus,
1150 4003 1264 4065 leniter
1283 4003 1437 4054 fereetita

341 4077 370 4120 ut
389 4085 404 4120 a
423 4069 529 4122 Palama
548 4072 633 4124 audiri
652 4087 705 4124 non
725 4082 827 4140 posset,
847 4074 974 4126 suadebat
998 4075 1130 4142 dabatque
1156 4073 1313 4138 consilium,
1332 4081 1362 4124 ut
1380 4073 1437 4156 pia-U

342 4141 456 4192 cidioros
477 4142 502 4196 ei
522 4143 647 4194 redderet
666 4159 821 4208 sermones,
840 4160 875 4196 no
895 4146 958 4212 quid
977 4146 1187 4211 inexspectatum
1213 4153 1359 4211 pateretur.
1394 4145 1437 4212 qui
1502 4186 1503 4195 ,

341 4227 415 4276 oum,
436 4213 487 4264 boc
508 4213 567 4278 erit,
587 4215 807 4280 respondisset,
800 4231 851 4266 ram
870 4216 1001 4267 conticuit
1019 4225 1121 4284 postea

439 4305 558 4363 Paiamas
578 4317 665 4363 tamen
685 4325 743 4362 cum
763 4311 859 4380 dogma
882 4328 958 4365 suum
977 4311 1120 4365 multorum
1139 4314 1248 4365 deorum
1268 4315 1353 4384 magis
1372 4327 1437 4366 con-
1501 4354 1502 4375 1
