<?xml version="1.0" encoding="UTF-8"?>
<!DOCTYPE html PUBLIC "-//W3C//DTD XHTML 1.0 Transitional//EN"
    "http://www.w3.org/TR/xhtml1/DTD/xhtml1-transitional.dtd">
<html xmlns="http://www.w3.org/1999/xhtml" xml:lang="en" lang="en">
 <head>
  <title>
</title>
<meta http-equiv="Content-Type" content="text/html;charset=utf-8" />
  <meta name='ocr-system' content='tesseract 3.04.00' />
  <meta name='ocr-capabilities' content='ocr_page ocr_carea ocr_par ocr_line ocrx_word'/>
</head>
<body>
  <div class='ocr_page' id='page_1' title='image "./nicephorigregor04schogoog_0185.png"; bbox 0 0 3184 5100; ppageno 0'>
   <div class='ocr_carea' id='block_1_1' title="bbox 272 379 1139 488">
    <p class='ocr_par' dir='ltr' id='par_1_1' title="bbox 272 379 1139 488">
     <span class='ocr_line' id='line_1_1' title="bbox 272 379 1139 488; baseline 0.006 -7"><span class='ocrx_word' id='word_1_1' title='bbox 272 435 277 444; x_wconf 93' lang='lat'>·</span> <span class='ocrx_word' id='word_1_2' title='bbox 340 404 420 484; x_wconf 78' lang='lat'><em>‘174</em></span> <span class='ocrx_word' id='word_1_3' title='bbox 649 379 875 488; x_wconf 82' lang='lat' dir='ltr'><strong>urcrrnoiu</strong></span> <span class='ocrx_word' id='word_1_4' title='bbox 904 420 1139 486; x_wconf 78' lang='lat' dir='ltr'><strong>cancoaln</strong></span> 
     </span>
    </p>
   </div>
   <div class='ocr_carea' id='block_1_2' title="bbox 210 577 1510 2984">
    <p class='ocr_par' dir='ltr' id='par_1_2' title="bbox 339 577 1468 1174">
     <span class='ocr_line' id='line_1_2' title="bbox 343 577 1448 668; baseline -0.002 -24"><span class='ocrx_word' id='word_1_5' title='bbox 343 581 439 668; x_wconf 91' lang='grc' dir='ltr'><em>ούσης</em></span> <span class='ocrx_word' id='word_1_6' title='bbox 463 582 581 664; x_wconf 80' lang='grc' dir='ltr'><em>ἐκείνης</em></span> <span class='ocrx_word' id='word_1_7' title='bbox 603 577 619 642; x_wconf 89' lang='grc' dir='ltr'><em>ό</em></span> <span class='ocrx_word' id='word_1_8' title='bbox 643 585 809 664; x_wconf 85' lang='grc' dir='ltr'><em>Παλαμάς</em></span> <span class='ocrx_word' id='word_1_9' title='bbox 838 582 959 664; x_wconf 72' lang='grc' dir='ltr'><em>ἀνέγνω</em></span> <span class='ocrx_word' id='word_1_10' title='bbox 990 580 1145 664; x_wconf 85' lang='grc' dir='ltr'><em>συνόδου,</em></span> <span class='ocrx_word' id='word_1_11' title='bbox 1175 577 1329 644; x_wconf 73' lang='grc' dir='ltr'><em>δεικνύειν</em></span> <span class='ocrx_word' id='word_1_12' title='bbox 1347 581 1448 662; x_wconf 88' lang='grc' dir='ltr'><em>δήθεν</em></span> 
     </span>
     <span class='ocr_line' id='line_1_3' title="bbox 344 675 1446 766; baseline -0.003 -21"><span class='ocrx_word' id='word_1_13' title='bbox 344 680 463 747; x_wconf 81' lang='grc' dir='ltr'><em>ἐθέλων</em></span> <span class='ocrx_word' id='word_1_14' title='bbox 486 680 530 755; x_wconf 74' lang='grc' dir='ltr'><em>σός</em></span> <span class='ocrx_word' id='word_1_15' title='bbox 550 675 663 762; x_wconf 84' lang='grc' dir='ltr'><em>ήκιστα</em></span> <span class='ocrx_word' id='word_1_16' title='bbox 685 691 776 746; x_wconf 80' lang='grc' dir='ltr'><em>νοσεῖ</em></span> <span class='ocrx_word' id='word_1_17' title='bbox 791 687 867 766; x_wconf 85' lang='grc' dir='ltr'><em>περί</em></span> <span class='ocrx_word' id='word_1_18' title='bbox 886 681 944 766; x_wconf 87' lang='grc' dir='ltr'><em>τήν</em></span> <span class='ocrx_word' id='word_1_19' title='bbox 958 683 1076 764; x_wconf 76' lang='grc' dir='ltr'><em>εάσεβή</em></span> <span class='ocrx_word' id='word_1_20' title='bbox 1098 683 1215 762; x_wconf 87' lang='grc' dir='ltr'><em>πίστιν,</em></span> <span class='ocrx_word' id='word_1_21' title='bbox 1237 682 1292 744; x_wconf 81' lang='grc' dir='ltr'><em>κατ’</em></span> <span class='ocrx_word' id='word_1_22' title='bbox 1312 684 1390 762; x_wconf 83' lang='grc' dir='ltr'><em>πρός</em></span> <span class='ocrx_word' id='word_1_23' title='bbox 1410 703 1446 761; x_wconf 91' lang='grc' dir='ltr'><em>γε</em></span> 
     </span>
     <span class='ocr_line' id='line_1_4' title="bbox 341 776 1446 867; baseline -0.005 -21"><span class='ocrx_word' id='word_1_24' title='bbox 341 782 402 848; x_wconf 71' lang='grc' dir='ltr'><em>τῶν</em></span> <span class='ocrx_word' id='word_1_25' title='bbox 425 778 552 846; x_wconf 89' lang='grc' dir='ltr'><em>ἀτόπων</em></span> <span class='ocrx_word' id='word_1_26' title='bbox 573 777 701 846; x_wconf 75' lang='grc' dir='ltr'><em>ἐκείνων</em></span> <span class='ocrx_word' id='word_1_27' title='bbox 721 781 850 864; x_wconf 80' lang='grc' dir='ltr'><em>τόμειι,</em></span> <span class='ocrx_word' id='word_1_28' title='bbox 877 785 909 847; x_wconf 80' lang='grc' dir='ltr'><em>εἰ</em></span> <span class='ocrx_word' id='word_1_29' title='bbox 936 782 981 866; x_wconf 89' lang='grc' dir='ltr'><em>μή</em></span> <span class='ocrx_word' id='word_1_30' title='bbox 1006 783 1109 846; x_wconf 88' lang='grc' dir='ltr'><em>πάντα</em></span> <span class='ocrx_word' id='word_1_31' title='bbox 1140 781 1241 867; x_wconf 87' lang='grc' dir='ltr'><em>φάναι</em></span> <span class='ocrx_word' id='word_1_32' title='bbox 1263 776 1446 862; x_wconf 70' lang='grc' dir='ltr'><em>συλλήβδην</em></span> 
     </span>
     <span class='ocr_line' id='line_1_5' title="bbox 340 875 1446 967; baseline -0.005 -21"><span class='ocrx_word' id='word_1_33' title='bbox 340 883 374 957; x_wconf 82' lang='grc' dir='ltr'><em>ἐς</em></span> <span class='ocrx_word' id='word_1_34' title='bbox 391 879 427 946; x_wconf 82' lang='grc' dir='ltr'><em>τό</em></span> <span class='ocrx_word' id='word_1_35' title='bbox 457 883 556 966; x_wconf 74' lang='grc' dir='ltr'><em>μηδὲν</em></span> <span class='ocrx_word' id='word_1_36' title='bbox 583 883 750 960; x_wconf 87' lang='grc' dir='ltr'><em>ἐλλείπειν,</em></span> <span class='ocrx_word' id='word_1_37' title='bbox 774 887 843 948; x_wconf 87' lang='grc' dir='ltr'><em>ἀλλ’</em></span> <span class='ocrx_word' id='word_1_38' title='bbox 870 875 927 948; x_wconf 87' lang='grc' dir='ltr'><em>σύν</em></span> <span class='ocrx_word' id='word_1_39' title='bbox 957 881 996 948; x_wconf 84' lang='grc' dir='ltr'><em>τύ</em></span> <span class='ocrx_word' id='word_1_40' title='bbox 1026 882 1219 967; x_wconf 76' lang='grc' dir='ltr'><em>καιριώτερα</em></span> <span class='ocrx_word' id='word_1_41' title='bbox 1249 883 1314 944; x_wconf 76' lang='grc' dir='ltr'><em>τῶν</em></span> <span class='ocrx_word' id='word_1_42' title='bbox 1336 881 1446 962; x_wconf 71' lang='grc' dir='ltr'><em>μεροῖν</em></span> 
     </span>
     <span class='ocr_line' id='line_1_6' title="bbox 340 979 1468 1072; baseline -0.004 -26"><span class='ocrx_word' id='word_1_43' title='bbox 340 981 562 1072; x_wconf 80' lang='grc' dir='ltr'><em>ἀπολεξιιμίνιρ</em></span> <span class='ocrx_word' id='word_1_44' title='bbox 586 993 708 1064; x_wconf 78' lang='grc' dir='ltr'><em>κομιεῖν</em></span> <span class='ocrx_word' id='word_1_45' title='bbox 731 983 818 1067; x_wconf 84' lang='grc' dir='ltr'><em>ήμῖν.</em></span> <span class='ocrx_word' id='word_1_46' title='bbox 872 988 923 1070; x_wconf 84' lang='grc' dir='ltr'><em>ἐφ’</em></span> <span class='ocrx_word' id='word_1_47' title='bbox 945 980 1008 1071; x_wconf 81' lang='grc' dir='ltr'><em>ότιρ</em></span> <span class='ocrx_word' id='word_1_48' title='bbox 1030 986 1086 1066; x_wconf 82' lang='grc' dir='ltr'><em>δέ,</em></span> <span class='ocrx_word' id='word_1_49' title='bbox 1109 984 1179 1048; x_wconf 83' lang='grc' dir='ltr'><em>ούδ’</em></span> <span class='ocrx_word' id='word_1_50' title='bbox 1199 979 1299 1046; x_wconf 86' lang='grc' dir='ltr'><em>αύτόν</em></span> <span class='ocrx_word' id='word_1_51' title='bbox 1321 981 1468 1064; x_wconf 75' lang='grc' dir='ltr'><em>ἀγνοεῖνδ</em></span> 
     </span>
     <span class='ocr_line' id='line_1_7' title="bbox 339 1069 1236 1174; baseline 0.007 -28"><span class='ocrx_word' id='word_1_52' title='bbox 339 1077 430 1163; x_wconf 78' lang='grc' dir='ltr'><em>οἶμαι</em></span> <span class='ocrx_word' id='word_1_53' title='bbox 449 1083 504 1148; x_wconf 84' lang='lat' dir='ltr'><em>od·</em></span> <span class='ocrx_word' id='word_1_54' title='bbox 549 1085 579 1149; x_wconf 81' lang='grc' dir='ltr'><em>εἰ</em></span> <span class='ocrx_word' id='word_1_55' title='bbox 600 1087 630 1150; x_wconf 73' lang='grc' dir='ltr'><em>δ’</em></span> <span class='ocrx_word' id='word_1_56' title='bbox 651 1077 721 1165; x_wconf 84' lang='grc' dir='ltr'><em>νύν,</em></span> <span class='ocrx_word' id='word_1_57' title='bbox 743 1082 849 1174; x_wconf 84' lang='grc' dir='ltr'><em>γνιόση</em></span> <span class='ocrx_word' id='word_1_58' title='bbox 872 1087 902 1150; x_wconf 86' lang='grc' dir='ltr'><em>δ’</em></span> <span class='ocrx_word' id='word_1_59' title='bbox 925 1080 1011 1151; x_wconf 82' lang='grc' dir='ltr'><em>ούν.”</em></span> <span class='ocrx_word' id='word_1_60' title='bbox 1231 1069 1236 1093; x_wconf 61' lang='grc'><em>’</em></span> 
     </span>
    </p>

    <p class='ocr_par' dir='ltr' id='par_1_3' title="bbox 274 1179 1445 1280">
     <span class='ocr_line' id='line_1_8' title="bbox 274 1179 1445 1280; baseline -0.004 -29"><span class='ocrx_word' id='word_1_61' title='bbox 274 1211 328 1264; x_wconf 67' lang='lat'><em>50</em></span> <span class='ocrx_word' id='word_1_62' title='bbox 443 1185 570 1250; x_wconf 85' lang='grc' dir='ltr'><em>Τούτων</em></span> <span class='ocrx_word' id='word_1_63' title='bbox 592 1189 622 1250; x_wconf 86' lang='grc' dir='ltr'><em>δ’</em></span> <span class='ocrx_word' id='word_1_64' title='bbox 657 1183 741 1250; x_wconf 85' lang='grc' dir='ltr'><em>ούτω</em></span> <span class='ocrx_word' id='word_1_65' title='bbox 764 1192 942 1280; x_wconf 72' lang='grc' dir='ltr'><em>λεχθέντων</em></span> <span class='ocrx_word' id='word_1_66' title='bbox 963 1187 1059 1271; x_wconf 77' lang='grc' dir='ltr'><em>ἡμῖν,</em></span> <span class='ocrx_word' id='word_1_67' title='bbox 1095 1187 1191 1268; x_wconf 80' lang='grc' dir='ltr'><em>όμὲν</em></span> <span class='ocrx_word' id='word_1_68' title='bbox 1211 1179 1445 1268; x_wconf 72' lang='grc' dir='ltr'><em>’Ἀγαθάγγελος</em></span> 
     </span>
    </p>

    <p class='ocr_par' dir='ltr' id='par_1_4' title="bbox 272 1285 1445 1375">
     <span class='ocr_line' id='line_1_9' title="bbox 272 1285 1445 1375; baseline -0.004 -22"><span class='ocrx_word' id='word_1_69' title='bbox 272 1354 277 1363; x_wconf 71' lang='grc'><em>,</em></span> <span class='ocrx_word' id='word_1_70' title='bbox 338 1285 436 1375; x_wconf 75' lang='grc' dir='ltr'><em>ἀπῄει</em></span> <span class='ocrx_word' id='word_1_71' title='bbox 456 1287 514 1369; x_wconf 79' lang='grc' dir='ltr'><em>τήν</em></span> <span class='ocrx_word' id='word_1_72' title='bbox 542 1291 697 1354; x_wconf 72' lang='grc' dir='ltr'><em>εἰωθυῖαν</em></span> <span class='ocrx_word' id='word_1_73' title='bbox 718 1285 871 1370; x_wconf 85' lang='grc' dir='ltr'><em>ἐνδακρύς</em></span> <span class='ocrx_word' id='word_1_74' title='bbox 892 1313 927 1353; x_wconf 87' lang='grc' dir='ltr'><em>τε</em></span> <span class='ocrx_word' id='word_1_75' title='bbox 956 1289 1011 1354; x_wconf 83' lang='grc' dir='ltr'><em>καί</em></span> <span class='ocrx_word' id='word_1_76' title='bbox 1038 1287 1125 1371; x_wconf 88' lang='grc' dir='ltr'><em>μύλα</em></span> <span class='ocrx_word' id='word_1_77' title='bbox 1156 1313 1185 1352; x_wconf 88' lang='grc' dir='ltr'><em>ιι</em></span> <span class='ocrx_word' id='word_1_78' title='bbox 1214 1289 1382 1362; x_wconf 76' lang='grc' dir='ltr'><em>πλείστους</em></span> <span class='ocrx_word' id='word_1_79' title='bbox 1412 1287 1445 1348; x_wconf 88' lang='grc' dir='ltr'><em>ἐν</em></span> 
     </span>
    </p>

    <p class='ocr_par' dir='ltr' id='par_1_5' title="bbox 290 1384 1446 1475">
     <span class='ocr_line' id='line_1_10' title="bbox 290 1384 1446 1475; baseline -0.003 -23"><span class='ocrx_word' id='word_1_80' title='bbox 290 1401 292 1406; x_wconf 87' lang='grc'><strong>’</strong></span> <span class='ocrx_word' id='word_1_81' title='bbox 339 1386 497 1468; x_wconf 85' lang='grc' dir='ltr'><em>θαλάμοις</em></span> <span class='ocrx_word' id='word_1_82' title='bbox 518 1393 629 1472; x_wconf 80' lang='grc' dir='ltr'><em>ψυχῆς</em></span> <span class='ocrx_word' id='word_1_83' title='bbox 650 1391 843 1470; x_wconf 83' lang='grc' dir='ltr'><em>ἐπαγόμενος</em></span> <span class='ocrx_word' id='word_1_84' title='bbox 863 1388 966 1475; x_wconf 90' lang='grc' dir='ltr'><em>λύπης</em></span> <span class='ocrx_word' id='word_1_85' title='bbox 988 1390 1131 1474; x_wconf 85' lang='grc' dir='ltr'><em>σωρούς,</em></span> <span class='ocrx_word' id='word_1_86' title='bbox 1153 1387 1215 1473; x_wconf 86' lang='grc' dir='ltr'><em>ε’γιό</em></span> <span class='ocrx_word' id='word_1_87' title='bbox 1235 1390 1270 1452; x_wconf 84' lang='grc' dir='ltr'><em>δὲ</em></span> <span class='ocrx_word' id='word_1_88' title='bbox 1291 1384 1371 1451; x_wconf 78' lang='grc' dir='ltr'><em>οἴκοι</em></span> <span class='ocrx_word' id='word_1_89' title='bbox 1392 1388 1446 1450; x_wconf 87' lang='grc' dir='ltr'><em>λε’-</em></span> 
     </span>
    </p>

    <p class='ocr_par' dir='ltr' id='par_1_6' title="bbox 300 1488 1486 1975">
     <span class='ocr_line' id='line_1_11' title="bbox 300 1488 1486 1580; baseline -0.002 -28"><span class='ocrx_word' id='word_1_90' title='bbox 300 1517 302 1524; x_wconf 50' lang='lat'><em>*</em></span> <span class='ocrx_word' id='word_1_91' title='bbox 339 1496 472 1568; x_wconf 88' lang='grc' dir='ltr'><em>λειμμαι</em></span> <span class='ocrx_word' id='word_1_92' title='bbox 495 1490 607 1570; x_wconf 89' lang='grc' dir='ltr'><em>μόνος,</em></span> <span class='ocrx_word' id='word_1_93' title='bbox 638 1488 817 1571; x_wconf 74' lang='grc' dir='ltr'><em>ἀνθρώπων</em></span> <span class='ocrx_word' id='word_1_94' title='bbox 841 1494 902 1572; x_wconf 76' lang='grc' dir='ltr'><em>μὲν</em></span> <span class='ocrx_word' id='word_1_95' title='bbox 932 1490 1042 1555; x_wconf 83' lang='grc' dir='ltr'><em>ούδενί</em></span> <span class='ocrx_word' id='word_1_96' title='bbox 1057 1490 1145 1580; x_wconf 80' lang='grc' dir='ltr'><em>μόνρι</em></span> <span class='ocrx_word' id='word_1_97' title='bbox 1175 1492 1209 1553; x_wconf 84' lang='lat' dir='ltr'><em>dd</em></span> <span class='ocrx_word' id='word_1_98' title='bbox 1238 1489 1486 1570; x_wconf 74' lang='grc' dir='ltr'><em>προσανίχωνλλ)</em></span> 
     </span>
     <span class='ocr_line' id='line_1_12' title="bbox 332 1581 1446 1678; baseline -0.002 -26"><span class='ocrx_word' id='word_1_99' title='bbox 332 1589 404 1678; x_wconf 75' lang='grc' dir='ltr'><em>θεῷ</em></span> <span class='ocrx_word' id='word_1_100' title='bbox 428 1581 503 1654; x_wconf 76' lang='grc' dir='ltr'><em>ὅσον</em></span> <span class='ocrx_word' id='word_1_101' title='bbox 523 1585 662 1674; x_wconf 81' lang='grc' dir='ltr'><em>ἐφικτόν,</em></span> <span class='ocrx_word' id='word_1_102' title='bbox 686 1589 731 1665; x_wconf 82' lang='grc' dir='ltr'><em>εἰς</em></span> <span class='ocrx_word' id='word_1_103' title='bbox 752 1590 891 1673; x_wconf 75' lang='grc' dir='ltr'><em>ἐμαυτόν</em></span> <span class='ocrx_word' id='word_1_104' title='bbox 904 1588 1070 1674; x_wconf 85' lang='grc' dir='ltr'><em>γενόμενος</em></span> <span class='ocrx_word' id='word_1_105' title='bbox 1091 1583 1151 1675; x_wconf 81' lang='grc' dir='ltr'><em>ήδη</em></span> <span class='ocrx_word' id='word_1_106' title='bbox 1174 1588 1231 1655; x_wconf 80' lang='grc' dir='ltr'><em>καί</em></span> <span class='ocrx_word' id='word_1_107' title='bbox 1248 1584 1446 1672; x_wconf 65' lang='grc' dir='ltr'><em>πρόςκέιιδη-</em></span> 
     </span>
     <span class='ocr_line' id='line_1_13' title="bbox 340 1685 1442 1774; baseline -0.002 -24"><span class='ocrx_word' id='word_1_108' title='bbox 340 1689 401 1769; x_wconf 87' lang='grc' dir='ltr'><em>μόν</em></span> <span class='ocrx_word' id='word_1_109' title='bbox 423 1711 494 1754; x_wconf 88' lang='grc' dir='ltr'><em>τινα</em></span> <span class='ocrx_word' id='word_1_110' title='bbox 524 1687 579 1752; x_wconf 82' lang='grc' dir='ltr'><em>καί</em></span> <span class='ocrx_word' id='word_1_111' title='bbox 607 1687 811 1774; x_wconf 72' lang='grc' dir='ltr'><em>ὑψηλοτέραν</em></span> <span class='ocrx_word' id='word_1_112' title='bbox 846 1692 985 1772; x_wconf 84' lang='grc' dir='ltr'><em>θεωρίαν</em></span> <span class='ocrx_word' id='word_1_113' title='bbox 1006 1687 1208 1764; x_wconf 69' lang='grc' dir='ltr'><em>ἀναπετάσας</em></span> <span class='ocrx_word' id='word_1_114' title='bbox 1235 1692 1291 1753; x_wconf 83' lang='grc' dir='ltr'><em>τού</em></span> <span class='ocrx_word' id='word_1_115' title='bbox 1318 1689 1377 1752; x_wconf 87' lang='grc' dir='ltr'><em>νού</em></span> <span class='ocrx_word' id='word_1_116' title='bbox 1409 1685 1442 1751; x_wconf 88' lang='grc' dir='ltr'><em>τό</em></span> 
     </span>
     <span class='ocr_line' id='line_1_14' title="bbox 340 1782 1446 1873; baseline -0.003 -23"><span class='ocrx_word' id='word_1_117' title='bbox 340 1785 465 1870; x_wconf 87' lang='grc' dir='ltr'><em>πτερόν,</em></span> <span class='ocrx_word' id='word_1_118' title='bbox 490 1786 546 1852; x_wconf 80' lang='grc' dir='ltr'><em>καί</em></span> <span class='ocrx_word' id='word_1_119' title='bbox 564 1795 628 1863; x_wconf 79' lang='grc' dir='ltr'><em>τοῖς</em></span> <span class='ocrx_word' id='word_1_120' title='bbox 658 1789 851 1873; x_wconf 71' lang='grc' dir='ltr'><em>ἀπορρήτοις</em></span> <span class='ocrx_word' id='word_1_121' title='bbox 877 1793 941 1854; x_wconf 81' lang='grc' dir='ltr'><em>τεόν</em></span> <span class='ocrx_word' id='word_1_122' title='bbox 970 1782 1070 1854; x_wconf 86' lang='grc' dir='ltr'><em>όντων</em></span> <span class='ocrx_word' id='word_1_123' title='bbox 1096 1786 1307 1873; x_wconf 76' lang='grc' dir='ltr'><em>ἐνδιατρίβειν</em></span> <span class='ocrx_word' id='word_1_124' title='bbox 1336 1786 1446 1870; x_wconf 85' lang='grc' dir='ltr'><em>ἀφιείς</em></span> 
     </span>
     <span class='ocr_line' id='line_1_15' title="bbox 340 1882 1445 1975; baseline -0.005 -23"><span class='ocrx_word' id='word_1_125' title='bbox 340 1889 374 1952; x_wconf 82' lang='grc' dir='ltr'><em>ἐν</em></span> <span class='ocrx_word' id='word_1_126' title='bbox 395 1885 515 1975; x_wconf 83' lang='grc' dir='ltr'><em>γαλήνη</em></span> <span class='ocrx_word' id='word_1_127' title='bbox 537 1893 603 1952; x_wconf 88' lang='grc' dir='ltr'><em>τινί</em></span> <span class='ocrx_word' id='word_1_128' title='bbox 622 1893 781 1971; x_wconf 71' lang='grc' dir='ltr'><em>λογισμῶν</em></span> <span class='ocrx_word' id='word_1_129' title='bbox 803 1887 859 1973; x_wconf 85' lang='grc' dir='ltr'><em>τήν</em></span> <span class='ocrx_word' id='word_1_130' title='bbox 875 1887 1030 1954; x_wconf 90' lang='grc' dir='ltr'><em>διάνοιαν.</em></span> <span class='ocrx_word' id='word_1_131' title='bbox 1053 1890 1125 1953; x_wconf 82' lang='grc' dir='ltr'><em>ἐπεί</em></span> <span class='ocrx_word' id='word_1_132' title='bbox 1144 1891 1179 1953; x_wconf 83' lang='grc' dir='ltr'><em>δέ</em></span> <span class='ocrx_word' id='word_1_133' title='bbox 1200 1893 1255 1952; x_wconf 80' lang='grc' dir='ltr'><em>κατ’</em></span> <span class='ocrx_word' id='word_1_134' title='bbox 1275 1890 1333 1953; x_wconf 85' lang='grc' dir='ltr'><em>τού</em></span> <span class='ocrx_word' id='word_1_135' title='bbox 1354 1882 1445 1956; x_wconf 79' lang='grc' dir='ltr'><em>ἔτους</em></span> 
     </span>
    </p>

    <p class='ocr_par' dir='ltr' id='par_1_7' title="bbox 294 1982 1486 2478">
     <span class='ocr_line' id='line_1_16' title="bbox 294 1982 1486 2080; baseline -0.003 -28"><span class='ocrx_word' id='word_1_136' title='bbox 294 2039 296 2044; x_wconf 89' lang='grc'>.</span> <span class='ocrx_word' id='word_1_137' title='bbox 340 1988 460 2052; x_wconf 83' lang='grc' dir='ltr'><em>ἐκείνου</em></span> <span class='ocrx_word' id='word_1_138' title='bbox 490 1985 525 2050; x_wconf 86' lang='grc' dir='ltr'><em>τό</em></span> <span class='ocrx_word' id='word_1_139' title='bbox 557 1995 703 2053; x_wconf 75' lang='grc' dir='ltr'><em>πλεῖστον</em></span> <span class='ocrx_word' id='word_1_140' title='bbox 736 1983 796 2073; x_wconf 80' lang='grc' dir='ltr'><em>ήδη</em></span> <span class='ocrx_word' id='word_1_141' title='bbox 816 1992 953 2077; x_wconf 80' lang='grc' dir='ltr'><em>παρήιε,</em></span> <span class='ocrx_word' id='word_1_142' title='bbox 983 1987 1017 2054; x_wconf 89' lang='grc' dir='ltr'><em>ἐν</em></span> <span class='ocrx_word' id='word_1_143' title='bbox 1038 1982 1063 2080; x_wconf 76' lang='grc' dir='ltr'><em>ᾧ</em></span> <span class='ocrx_word' id='word_1_144' title='bbox 1082 1995 1210 2063; x_wconf 70' lang='grc' dir='ltr'><em>πολλοῖς</em></span> <span class='ocrx_word' id='word_1_145' title='bbox 1242 1991 1305 2053; x_wconf 80' lang='grc' dir='ltr'><em>πυόν</em></span> <span class='ocrx_word' id='word_1_146' title='bbox 1326 1983 1486 2066; x_wconf 53' lang='lat' dir='ltr'><strong>&amp;gedeno</strong></span> 
     </span>
     <span class='ocr_line' id='line_1_17' title="bbox 339 2080 1447 2180; baseline -0.002 -28"><span class='ocrx_word' id='word_1_147' title='bbox 339 2086 593 2180; x_wconf 73' lang='grc' dir='ltr'><em>ἐντετρχήιιειμεν</em></span> <span class='ocrx_word' id='word_1_148' title='bbox 607 2080 648 2153; x_wconf 78' lang='lat' dir='ltr'><strong>ad</strong></span> <span class='ocrx_word' id='word_1_149' title='bbox 664 2091 861 2172; x_wconf 76' lang='grc' dir='ltr'><em>πειρασμῶν,</em></span> <span class='ocrx_word' id='word_1_150' title='bbox 884 2089 931 2156; x_wconf 80' lang='grc' dir='ltr'><em>ἐτι</em></span> <span class='ocrx_word' id='word_1_151' title='bbox 952 2093 982 2154; x_wconf 88' lang='grc' dir='ltr'><em>δ’</em></span> <span class='ocrx_word' id='word_1_152' title='bbox 993 2085 1061 2156; x_wconf 64' lang='lat' dir='ltr'><strong>&#39;oda</strong></span> <span class='ocrx_word' id='word_1_153' title='bbox 1075 2094 1137 2156; x_wconf 79' lang='lat' dir='ltr'><strong>ruia</strong></span> <span class='ocrx_word' id='word_1_154' title='bbox 1158 2084 1273 2173; x_wconf 77' lang='grc' dir='ltr'><em>ἥκιστα</em></span> <span class='ocrx_word' id='word_1_155' title='bbox 1286 2086 1447 2152; x_wconf 86' lang='grc' dir='ltr'><em>πεσόντων</em></span> 
     </span>
     <span class='ocr_line' id='line_1_18' title="bbox 338 2178 1447 2279; baseline -0.003 -26"><span class='ocrx_word' id='word_1_156' title='bbox 338 2178 494 2274; x_wconf 69' lang='grc' dir='ltr'><em>ὤφθημεν</em></span> <span class='ocrx_word' id='word_1_157' title='bbox 515 2189 569 2269; x_wconf 87' lang='grc' dir='ltr'><em>ξύν</em></span> <span class='ocrx_word' id='word_1_158' title='bbox 589 2214 625 2274; x_wconf 90' lang='grc' dir='ltr'><em>γε</em></span> <span class='ocrx_word' id='word_1_159' title='bbox 655 2195 741 2279; x_wconf 77' lang='grc' dir='ltr'><em>θεῷ,</em></span> <span class='ocrx_word' id='word_1_160' title='bbox 770 2190 910 2275; x_wconf 78' lang='grc' dir='ltr'><em>ἔγνωμεν</em></span> <span class='ocrx_word' id='word_1_161' title='bbox 939 2194 1000 2257; x_wconf 89' lang='grc' dir='ltr'><em>ιιάιι</em></span> <span class='ocrx_word' id='word_1_162' title='bbox 1026 2196 1096 2257; x_wconf 82' lang='grc' dir='ltr'><em>τεόν·</em></span> <span class='ocrx_word' id='word_1_163' title='bbox 1122 2184 1183 2277; x_wconf 83' lang='grc' dir='ltr'><em>ήδη</em></span> <span class='ocrx_word' id='word_1_164' title='bbox 1205 2192 1447 2275; x_wconf 80' lang='grc' dir='ltr'><em>περιπταμένων</em></span> 
     </span>
     <span class='ocr_line' id='line_1_19' title="bbox 337 2285 1445 2379; baseline -0.003 -26"><span class='ocrx_word' id='word_1_165' title='bbox 337 2289 414 2373; x_wconf 80' lang='grc' dir='ltr'><em>ἡμῖν</em></span> <span class='ocrx_word' id='word_1_166' title='bbox 434 2289 551 2371; x_wconf 78' lang='grc' dir='ltr'><em>ἀρνίων</em></span> <span class='ocrx_word' id='word_1_167' title='bbox 581 2291 637 2354; x_wconf 80' lang='grc' dir='ltr'><em>καί</em></span> <span class='ocrx_word' id='word_1_168' title='bbox 666 2287 726 2379; x_wconf 63' lang='lat' dir='ltr'><em>dnn</em></span> <span class='ocrx_word' id='word_1_169' title='bbox 756 2295 813 2356; x_wconf 83' lang='grc' dir='ltr'><em>τού</em></span> <span class='ocrx_word' id='word_1_170' title='bbox 844 2286 921 2376; x_wconf 86' lang='grc' dir='ltr'><em>ήρος</em></span> <span class='ocrx_word' id='word_1_171' title='bbox 954 2291 1062 2379; x_wconf 84' lang='grc' dir='ltr'><em>εἴημεν</em></span> <span class='ocrx_word' id='word_1_172' title='bbox 1086 2297 1267 2378; x_wconf 81' lang='grc' dir='ltr'><em>τηνιναύτα.</em></span> <span class='ocrx_word' id='word_1_173' title='bbox 1324 2287 1362 2352; x_wconf 91' lang='grc' dir='ltr'><em>ού</em></span> <span class='ocrx_word' id='word_1_174' title='bbox 1384 2285 1445 2370; x_wconf 87' lang='grc' dir='ltr'><em>γάρ</em></span> 
     </span>
     <span class='ocr_line' id='line_1_20' title="bbox 340 2387 1446 2478; baseline -0.004 -26"><span class='ocrx_word' id='word_1_175' title='bbox 340 2387 513 2472; x_wconf 87' lang='grc' dir='ltr'><em>πεπνιγότσ</em></span> <span class='ocrx_word' id='word_1_176' title='bbox 543 2388 614 2456; x_wconf 72' lang='grc' dir='ltr'><em>τινὰ</em></span> <span class='ocrx_word' id='word_1_177' title='bbox 638 2390 692 2455; x_wconf 88' lang='grc' dir='ltr'><em>καί</em></span> <span class='ocrx_word' id='word_1_178' title='bbox 715 2389 854 2476; x_wconf 83' lang='grc' dir='ltr'><em>δύσηχον</em></span> <span class='ocrx_word' id='word_1_179' title='bbox 879 2395 1007 2463; x_wconf 84' lang='grc' dir='ltr'><em>ἐδίδουν,</em></span> <span class='ocrx_word' id='word_1_180' title='bbox 1041 2391 1096 2457; x_wconf 86' lang='grc' dir='ltr'><em>τόν</em></span> <span class='ocrx_word' id='word_1_181' title='bbox 1114 2390 1256 2478; x_wconf 80' lang='grc' dir='ltr'><em>φθόγγον</em></span> <span class='ocrx_word' id='word_1_182' title='bbox 1277 2387 1446 2468; x_wconf 84' lang='grc' dir='ltr'><em>συνθλιβό.</em></span> 
     </span>
    </p>

    <p class='ocr_par' dir='ltr' id='par_1_8' title="bbox 210 2480 1510 2984">
     <span class='ocr_line' id='line_1_21' title="bbox 210 2480 1510 2579; baseline -0.005 -22"><span class='ocrx_word' id='word_1_183' title='bbox 210 2491 421 2575; x_wconf 77' lang='grc' dir='ltr'><em>λ1381ι.μενιι’</em></span> <span class='ocrx_word' id='word_1_184' title='bbox 443 2516 509 2567; x_wconf 88' lang='grc' dir='ltr'><em>πως</em></span> <span class='ocrx_word' id='word_1_185' title='bbox 532 2493 558 2533; x_wconf 82' lang='lat'><em>¹¹</em></span> <span class='ocrx_word' id='word_1_186' title='bbox 578 2489 616 2559; x_wconf 84' lang='grc' dir='ltr'><em>τά</em></span> <span class='ocrx_word' id='word_1_187' title='bbox 642 2492 803 2578; x_wconf 83' lang='grc' dir='ltr'><em>φωνηιιιιό</em></span> <span class='ocrx_word' id='word_1_188' title='bbox 825 2495 888 2558; x_wconf 67' lang='lat' dir='ltr'><em>:dv</em></span> <span class='ocrx_word' id='word_1_189' title='bbox 911 2490 1055 2579; x_wconf 86' lang='grc' dir='ltr'><em>ύργάνων</em></span> <span class='ocrx_word' id='word_1_190' title='bbox 1082 2493 1143 2558; x_wconf 82' lang='grc' dir='ltr'><em>ἀπό</em></span> <span class='ocrx_word' id='word_1_191' title='bbox 1165 2501 1224 2558; x_wconf 83' lang='grc' dir='ltr'><em>τού</em></span> <span class='ocrx_word' id='word_1_192' title='bbox 1245 2489 1362 2577; x_wconf 79' lang='grc' dir='ltr'><em>κρύους</em></span> <span class='ocrx_word' id='word_1_193' title='bbox 1383 2488 1485 2562; x_wconf 75' lang='lat' dir='ltr'><strong>ord-20</strong></span> <span class='ocrx_word' id='word_1_194' title='bbox 1509 2480 1510 2493; x_wconf 44' lang='lat'>¹</span> 
     </span>
     <span class='ocr_line' id='line_1_22' title="bbox 338 2589 1447 2680; baseline -0.003 -23"><span class='ocrx_word' id='word_1_195' title='bbox 338 2601 420 2678; x_wconf 79' lang='grc' dir='ltr'><em>τοῖς,</em></span> <span class='ocrx_word' id='word_1_196' title='bbox 448 2592 529 2657; x_wconf 87' lang='grc' dir='ltr'><em>ἀλλά</em></span> <span class='ocrx_word' id='word_1_197' title='bbox 564 2593 619 2659; x_wconf 91' lang='grc' dir='ltr'><em>τόν</em></span> <span class='ocrx_word' id='word_1_198' title='bbox 649 2596 832 2675; x_wconf 76' lang='grc' dir='ltr'><em>ἐλευθέριον</em></span> <span class='ocrx_word' id='word_1_199' title='bbox 867 2589 926 2680; x_wconf 82' lang='grc' dir='ltr'><em>ήδη</em></span> <span class='ocrx_word' id='word_1_200' title='bbox 950 2596 1071 2680; x_wconf 83' lang='grc' dir='ltr'><em>τρόπον</em></span> <span class='ocrx_word' id='word_1_201' title='bbox 1093 2592 1306 2678; x_wconf 80' lang='grc' dir='ltr'><em>ἐπανηγύριζέ</em></span> <span class='ocrx_word' id='word_1_202' title='bbox 1328 2614 1363 2655; x_wconf 85' lang='grc' dir='ltr'><em>τε</em></span> <span class='ocrx_word' id='word_1_203' title='bbox 1392 2591 1447 2655; x_wconf 84' lang='grc' dir='ltr'><em>καί</em></span> 
     </span>
     <span class='ocr_line' id='line_1_23' title="bbox 339 2688 1447 2782; baseline -0.005 -22"><span class='ocrx_word' id='word_1_204' title='bbox 339 2691 440 2780; x_wconf 68' lang='lat' dir='ltr'><strong>oded,</strong></span> <span class='ocrx_word' id='word_1_205' title='bbox 461 2692 516 2767; x_wconf 81' lang='grc' dir='ltr'><em>ιιινί</em></span> <span class='ocrx_word' id='word_1_206' title='bbox 535 2696 589 2760; x_wconf 86' lang='grc' dir='ltr'><em>τόν</em></span> <span class='ocrx_word' id='word_1_207' title='bbox 621 2695 702 2780; x_wconf 76' lang='grc' dir='ltr'><em>ἀέρα</em></span> <span class='ocrx_word' id='word_1_208' title='bbox 725 2692 945 2782; x_wconf 78' lang='grc' dir='ltr'><em>ύιιερεφυόνει,</em></span> <span class='ocrx_word' id='word_1_209' title='bbox 965 2696 1021 2761; x_wconf 74' lang='grc' dir='ltr'><em>κατ’</em></span> <span class='ocrx_word' id='word_1_210' title='bbox 1048 2697 1195 2782; x_wconf 78' lang='grc' dir='ltr'><em>περιήχει</em></span> <span class='ocrx_word' id='word_1_211' title='bbox 1216 2692 1254 2761; x_wconf 87' lang='grc' dir='ltr'><em>τό</em></span> <span class='ocrx_word' id='word_1_212' title='bbox 1276 2688 1369 2777; x_wconf 79' lang='grc' dir='ltr'><em>ἀλση,</em></span> <span class='ocrx_word' id='word_1_213' title='bbox 1391 2695 1447 2756; x_wconf 85' lang='grc' dir='ltr'><em>ιιαί</em></span> 
     </span>
     <span class='ocr_line' id='line_1_24' title="bbox 332 2793 1509 2892; baseline -0.003 -33"><span class='ocrx_word' id='word_1_214' title='bbox 332 2802 403 2871; x_wconf 70' lang='grc' dir='ltr'><em>τοῖς</em></span> <span class='ocrx_word' id='word_1_215' title='bbox 422 2796 589 2880; x_wconf 73' lang='grc' dir='ltr'><em>δένδρεσιν</em></span> <span class='ocrx_word' id='word_1_216' title='bbox 608 2793 828 2882; x_wconf 77' lang='grc' dir='ltr'><em>ἐπωαθήμενα</em></span> <span class='ocrx_word' id='word_1_217' title='bbox 856 2796 935 2880; x_wconf 85' lang='grc' dir='ltr'><em>πρός</em></span> <span class='ocrx_word' id='word_1_218' title='bbox 955 2794 1094 2879; x_wconf 85' lang='grc' dir='ltr'><em>ἀμιλλαν</em></span> <span class='ocrx_word' id='word_1_219' title='bbox 1115 2799 1305 2884; x_wconf 69' lang='grc' dir='ltr'><em>ἐφθέγγοντο</em></span> <span class='ocrx_word' id='word_1_220' title='bbox 1326 2794 1445 2875; x_wconf 78' lang='grc' dir='ltr'><em>ἀναμίξ</em></span> <span class='ocrx_word' id='word_1_221' title='bbox 1508 2835 1509 2892; x_wconf 52' lang='lat'>3</span> 
     </span>
     <span class='ocr_line' id='line_1_25' title="bbox 338 2888 1446 2984; baseline -0.002 -25"><span class='ocrx_word' id='word_1_222' title='bbox 338 2894 468 2979; x_wconf 86' lang='grc' dir='ltr'><em>λιγυρόν</em></span> <span class='ocrx_word' id='word_1_223' title='bbox 488 2918 521 2959; x_wconf 83' lang='grc' dir='ltr'><em>τι</em></span> <span class='ocrx_word' id='word_1_224' title='bbox 542 2899 598 2962; x_wconf 76' lang='grc' dir='ltr'><em>καί</em></span> <span class='ocrx_word' id='word_1_225' title='bbox 619 2888 735 2984; x_wconf 78' lang='grc' dir='ltr'><em>εύηχον</em></span> <span class='ocrx_word' id='word_1_226' title='bbox 755 2901 812 2963; x_wconf 78' lang='grc' dir='ltr'><em>καί</em></span> <span class='ocrx_word' id='word_1_227' title='bbox 832 2891 900 2967; x_wconf 75' lang='grc' dir='ltr'><em>οἷον</em></span> <span class='ocrx_word' id='word_1_228' title='bbox 915 2900 1015 2965; x_wconf 71' lang='grc' dir='ltr'><em>εἰπεῖν</em></span> <span class='ocrx_word' id='word_1_229' title='bbox 1047 2897 1253 2983; x_wconf 83' lang='grc' dir='ltr'><em>ἐναρμόνιον·</em></span> <span class='ocrx_word' id='word_1_230' title='bbox 1294 2897 1350 2961; x_wconf 78' lang='grc' dir='ltr'><em>κατ’</em></span> <span class='ocrx_word' id='word_1_231' title='bbox 1371 2888 1446 2978; x_wconf 81' lang='grc' dir='ltr'><em>ἥδι-</em></span> 
     </span>
    </p>
   </div>
   <div class='ocr_carea' id='block_1_3' title="bbox 339 3143 1508 3517">
    <p class='ocr_par' dir='ltr' id='par_1_9' title="bbox 339 3143 1508 3517">
     <span class='ocr_line' id='line_1_26' title="bbox 340 3143 1508 3231; baseline -0.001 -20"><span class='ocrx_word' id='word_1_232' title='bbox 340 3174 429 3211; x_wconf 88' lang='lat' dir='ltr'><strong>carnm</strong></span> <span class='ocrx_word' id='word_1_233' title='bbox 454 3166 542 3212; x_wconf 84' lang='lat' dir='ltr'><strong>rerum</strong></span> <span class='ocrx_word' id='word_1_234' title='bbox 567 3162 636 3214; x_wconf 87' lang='lat' dir='ltr'><strong>ratio</strong></span> <span class='ocrx_word' id='word_1_235' title='bbox 661 3177 730 3230; x_wconf 86' lang='lat' dir='ltr'><strong>quae</strong></span> <span class='ocrx_word' id='word_1_236' title='bbox 755 3164 790 3216; x_wconf 90' lang='lat' dir='ltr'><strong>sit</strong></span> <span class='ocrx_word' id='word_1_237' title='bbox 819 3170 846 3215; x_wconf 86' lang='lat' dir='ltr'><strong>et</strong></span> <span class='ocrx_word' id='word_1_238' title='bbox 861 3178 931 3231; x_wconf 88' lang='lat' dir='ltr'><strong>quae</strong></span> <span class='ocrx_word' id='word_1_239' title='bbox 956 3162 1038 3215; x_wconf 82' lang='lat' dir='ltr'><strong>luerit</strong></span> <span class='ocrx_word' id='word_1_240' title='bbox 1055 3177 1163 3214; x_wconf 88' lang='lat' dir='ltr'><strong>enarres</strong></span> <span class='ocrx_word' id='word_1_241' title='bbox 1195 3168 1222 3213; x_wconf 92' lang='lat' dir='ltr'><strong>et</strong></span> <span class='ocrx_word' id='word_1_242' title='bbox 1240 3157 1320 3230; x_wconf 88' lang='lat' dir='ltr'><strong>quale</strong></span> <span class='ocrx_word' id='word_1_243' title='bbox 1338 3157 1443 3227; x_wconf 83' lang='lat' dir='ltr'><strong>rapacis</strong></span> <span class='ocrx_word' id='word_1_244' title='bbox 1507 3143 1508 3196; x_wconf 61' lang='lat' dir='ltr'><strong>i</strong></span> 
     </span>
     <span class='ocr_line' id='line_1_27' title="bbox 340 3230 1440 3304; baseline -0.001 -21"><span class='ocrx_word' id='word_1_245' title='bbox 340 3230 414 3283; x_wconf 90' lang='lat' dir='ltr'><strong>illins</strong></span> <span class='ocrx_word' id='word_1_246' title='bbox 434 3232 528 3299; x_wconf 81' lang='lat' dir='ltr'><strong>synodi</strong></span> <span class='ocrx_word' id='word_1_247' title='bbox 548 3233 684 3286; x_wconf 87' lang='lat' dir='ltr'><strong>decretum</strong></span> <span class='ocrx_word' id='word_1_248' title='bbox 705 3236 740 3287; x_wconf 95' lang='lat' dir='ltr'><strong>sit</strong></span> <span class='ocrx_word' id='word_1_249' title='bbox 758 3235 830 3303; x_wconf 90' lang='lat' dir='ltr'><strong>quod</strong></span> <span class='ocrx_word' id='word_1_250' title='bbox 848 3234 968 3287; x_wconf 86' lang='lat' dir='ltr'><strong>Palamas</strong></span> <span class='ocrx_word' id='word_1_251' title='bbox 986 3236 1107 3304; x_wconf 76' lang='lat' dir='ltr'><strong>agnovit.</strong></span> <span class='ocrx_word' id='word_1_252' title='bbox 1126 3243 1207 3303; x_wconf 87' lang='lat' dir='ltr'><strong>atque</strong></span> <span class='ocrx_word' id='word_1_253' title='bbox 1225 3241 1255 3284; x_wconf 89' lang='lat' dir='ltr'><em>nt</em></span> <span class='ocrx_word' id='word_1_254' title='bbox 1273 3233 1343 3299; x_wconf 85' lang='lat' dir='ltr'><strong>piam</strong></span> <span class='ocrx_word' id='word_1_255' title='bbox 1362 3231 1440 3283; x_wconf 85' lang='lat' dir='ltr'><strong>iidem</strong></span> 
     </span>
     <span class='ocr_line' id='line_1_28' title="bbox 339 3302 1508 3382; baseline 0 -29"><span class='ocrx_word' id='word_1_256' title='bbox 339 3302 432 3355; x_wconf 91' lang='lat' dir='ltr'><strong>morbo</strong></span> <span class='ocrx_word' id='word_1_257' title='bbox 452 3304 559 3355; x_wconf 87' lang='lat' dir='ltr'><strong>minime</strong></span> <span class='ocrx_word' id='word_1_258' title='bbox 578 3304 703 3357; x_wconf 87' lang='lat' dir='ltr'><strong>laborare</strong></span> <span class='ocrx_word' id='word_1_259' title='bbox 723 3307 847 3364; x_wconf 76' lang='lat' dir='ltr'><strong>ostendas</strong></span> <span class='ocrx_word' id='word_1_260' title='bbox 874 3322 907 3358; x_wconf 86' lang='lat' dir='ltr'><strong>ex</strong></span> <span class='ocrx_word' id='word_1_261' title='bbox 932 3306 1008 3358; x_wconf 87' lang='lat' dir='ltr'><strong>libris</strong></span> <span class='ocrx_word' id='word_1_262' title='bbox 1036 3307 1210 3357; x_wconf 75' lang='lat' dir='ltr'><strong>incommodis</strong></span> <span class='ocrx_word' id='word_1_263' title='bbox 1227 3305 1281 3356; x_wconf 91' lang='lat' dir='ltr'><strong>nisi</strong></span> <span class='ocrx_word' id='word_1_264' title='bbox 1300 3303 1389 3354; x_wconf 89' lang='lat' dir='ltr'><strong>omnia</strong></span> <span class='ocrx_word' id='word_1_265' title='bbox 1411 3302 1444 3354; x_wconf 91' lang='lat' dir='ltr'><strong>ad</strong></span> <span class='ocrx_word' id='word_1_266' title='bbox 1486 3333 1508 3382; x_wconf 15' lang='grc' dir='ltr'><em>κη</em></span> 
     </span>
     <span class='ocr_line' id='line_1_29' title="bbox 339 3374 1442 3446; baseline -0.002 -19"><span class='ocrx_word' id='word_1_267' title='bbox 339 3374 452 3427; x_wconf 87' lang='lat' dir='ltr'><strong>nibilum</strong></span> <span class='ocrx_word' id='word_1_268' title='bbox 470 3378 648 3442; x_wconf 87' lang='lat' dir='ltr'><strong>pervenerint·</strong></span> <span class='ocrx_word' id='word_1_269' title='bbox 662 3384 751 3443; x_wconf 88' lang='lat' dir='ltr'><strong>partes</strong></span> <span class='ocrx_word' id='word_1_270' title='bbox 776 3378 913 3446; x_wconf 83' lang='lat' dir='ltr'><strong>digniores</strong></span> <span class='ocrx_word' id='word_1_271' title='bbox 934 3377 1035 3429; x_wconf 88' lang='lat' dir='ltr'><strong>electas</strong></span> <span class='ocrx_word' id='word_1_272' title='bbox 1059 3377 1139 3429; x_wconf 88' lang='lat' dir='ltr'><strong>nobis</strong></span> <span class='ocrx_word' id='word_1_273' title='bbox 1165 3378 1263 3428; x_wconf 89' lang='lat' dir='ltr'><strong>mittes.</strong></span> <span class='ocrx_word' id='word_1_274' title='bbox 1310 3375 1341 3427; x_wconf 94' lang='lat' dir='ltr'><strong>ad</strong></span> <span class='ocrx_word' id='word_1_275' title='bbox 1362 3390 1442 3443; x_wconf 88' lang='lat' dir='ltr'><strong>quem</strong></span> 
     </span>
     <span class='ocr_line' id='line_1_30' title="bbox 339 3446 1204 3517; baseline 0 -18"><span class='ocrx_word' id='word_1_276' title='bbox 339 3461 405 3499; x_wconf 89' lang='lat' dir='ltr'><strong>vcro</strong></span> <span class='ocrx_word' id='word_1_277' title='bbox 425 3446 503 3499; x_wconf 91' lang='lat' dir='ltr'><strong>linem</strong></span> <span class='ocrx_word' id='word_1_278' title='bbox 523 3455 550 3499; x_wconf 89' lang='lat' dir='ltr'><em>to</em></span> <span class='ocrx_word' id='word_1_279' title='bbox 568 3462 622 3499; x_wconf 93' lang='lat' dir='ltr'><em>non</em></span> <span class='ocrx_word' id='word_1_280' title='bbox 640 3449 767 3516; x_wconf 80' lang='lat' dir='ltr'><strong>ignorare</strong></span> <span class='ocrx_word' id='word_1_281' title='bbox 789 3457 872 3516; x_wconf 87' lang='lat' dir='ltr'><strong>puto;</strong></span> <span class='ocrx_word' id='word_1_282' title='bbox 898 3451 940 3501; x_wconf 92' lang='lat' dir='ltr'><strong>sin</strong></span> <span class='ocrx_word' id='word_1_283' title='bbox 960 3464 1037 3512; x_wconf 91' lang='lat' dir='ltr'><strong>vcro,</strong></span> <span class='ocrx_word' id='word_1_284' title='bbox 1056 3448 1204 3517; x_wconf 74' lang='lat' dir='ltr'><strong>intelliges.</strong></span> 
     </span>
    </p>
   </div>
   <div class='ocr_carea' id='block_1_4' title="bbox 338 3542 1507 4368">
    <p class='ocr_par' dir='ltr' id='par_1_10' title="bbox 338 3542 1507 4368">
     <span class='ocr_line' id='line_1_31' title="bbox 440 3542 1443 3614; baseline -0.004 -17"><span class='ocrx_word' id='word_1_285' title='bbox 440 3544 515 3608; x_wconf 78' lang='lat' dir='ltr'><strong>oure</strong></span> <span class='ocrx_word' id='word_1_286' title='bbox 533 3560 613 3611; x_wconf 82' lang='lat' dir='ltr'><strong>quum</strong></span> <span class='ocrx_word' id='word_1_287' title='bbox 633 3544 739 3597; x_wconf 85' lang='lat' dir='ltr'><strong>locutus</strong></span> <span class='ocrx_word' id='word_1_288' title='bbox 756 3544 1040 3614; x_wconf 69' lang='lat' dir='ltr'><strong>essctdgatbangelns</strong></span> <span class='ocrx_word' id='word_1_289' title='bbox 1054 3546 1100 3597; x_wconf 88' lang='lat' dir='ltr'><em>via</em></span> <span class='ocrx_word' id='word_1_290' title='bbox 1117 3560 1169 3611; x_wconf 85' lang='lat' dir='ltr'><strong>qua</strong></span> <span class='ocrx_word' id='word_1_291' title='bbox 1184 3550 1348 3597; x_wconf 87' lang='lat' dir='ltr'><strong>convenerat</strong></span> <span class='ocrx_word' id='word_1_292' title='bbox 1367 3542 1443 3606; x_wconf 87' lang='lat' dir='ltr'><strong>abiit,</strong></span> 
     </span>
     <span class='ocr_line' id='line_1_32' title="bbox 340 3612 1443 3688; baseline 0 -22"><span class='ocrx_word' id='word_1_293' title='bbox 340 3612 457 3667; x_wconf 77' lang='lat' dir='ltr'><strong>lacrimis</strong></span> <span class='ocrx_word' id='word_1_294' title='bbox 479 3623 506 3667; x_wconf 92' lang='lat' dir='ltr'><strong>et</strong></span> <span class='ocrx_word' id='word_1_295' title='bbox 522 3616 631 3667; x_wconf 86' lang='lat' dir='ltr'><strong>tristitia</strong></span> <span class='ocrx_word' id='word_1_296' title='bbox 649 3615 783 3683; x_wconf 81' lang='lat' dir='ltr'><strong>impletas.</strong></span> <span class='ocrx_word' id='word_1_297' title='bbox 830 3631 883 3685; x_wconf 78' lang='lat' dir='ltr'><strong>ego</strong></span> <span class='ocrx_word' id='word_1_298' title='bbox 903 3632 969 3688; x_wconf 80' lang='lat' dir='ltr'><em>¹vero</em></span> <span class='ocrx_word' id='word_1_299' title='bbox 994 3617 1065 3671; x_wconf 89' lang='lat' dir='ltr'><strong>domi</strong></span> <span class='ocrx_word' id='word_1_300' title='bbox 1086 3615 1198 3668; x_wconf 86' lang='lat' dir='ltr'><strong>relictus</strong></span> <span class='ocrx_word' id='word_1_301' title='bbox 1221 3631 1289 3669; x_wconf 85' lang='lat' dir='ltr'><strong>sum.</strong></span> <span class='ocrx_word' id='word_1_302' title='bbox 1326 3614 1443 3666; x_wconf 88' lang='lat' dir='ltr'><strong>hominis</strong></span> 
     </span>
     <span class='ocr_line' id='line_1_33' title="bbox 341 3685 1443 3755; baseline -0.001 -18"><span class='ocrx_word' id='word_1_303' title='bbox 341 3686 446 3754; x_wconf 84' lang='lat' dir='ltr'><strong>quidem</strong></span> <span class='ocrx_word' id='word_1_304' title='bbox 464 3686 562 3740; x_wconf 88' lang='lat' dir='ltr'><strong>solatio</strong></span> <span class='ocrx_word' id='word_1_305' title='bbox 581 3688 700 3754; x_wconf 87' lang='lat' dir='ltr'><strong>privatus</strong></span> <span class='ocrx_word' id='word_1_306' title='bbox 728 3703 800 3739; x_wconf 91' lang='lat' dir='ltr'><strong>eram</strong></span> <span class='ocrx_word' id='word_1_307' title='bbox 825 3688 873 3740; x_wconf 88' lang='lat' dir='ltr'><strong>sed</strong></span> <span class='ocrx_word' id='word_1_308' title='bbox 902 3703 956 3739; x_wconf 93' lang='lat' dir='ltr'><em>non</em></span> <span class='ocrx_word' id='word_1_309' title='bbox 977 3688 1019 3740; x_wconf 89' lang='lat' dir='ltr'><em>dei</em></span> <span class='ocrx_word' id='word_1_310' title='bbox 1038 3688 1071 3740; x_wconf 86' lang='lat' dir='ltr'><strong>ad</strong></span> <span class='ocrx_word' id='word_1_311' title='bbox 1091 3703 1169 3755; x_wconf 91' lang='lat' dir='ltr'><strong>quem</strong></span> <span class='ocrx_word' id='word_1_312' title='bbox 1196 3703 1239 3737; x_wconf 90' lang='lat' dir='ltr'><strong>me</strong></span> <span class='ocrx_word' id='word_1_313' title='bbox 1253 3685 1443 3737; x_wconf 78' lang='lat' dir='ltr'><strong>convertebam</strong></span> 
     </span>
     <span class='ocr_line' id='line_1_34' title="bbox 340 3755 1443 3827; baseline 0 -20"><span class='ocrx_word' id='word_1_314' title='bbox 340 3772 420 3824; x_wconf 89' lang='lat' dir='ltr'><strong>quum</strong></span> <span class='ocrx_word' id='word_1_315' title='bbox 439 3758 471 3809; x_wconf 88' lang='lat' dir='ltr'><strong>ad</strong></span> <span class='ocrx_word' id='word_1_316' title='bbox 490 3774 532 3810; x_wconf 87' lang='lat' dir='ltr'><em>rna</em></span> <span class='ocrx_word' id='word_1_317' title='bbox 551 3759 637 3825; x_wconf 84' lang='lat' dir='ltr'><strong>ipsum</strong></span> <span class='ocrx_word' id='word_1_318' title='bbox 655 3767 779 3827; x_wconf 84' lang='lat' dir='ltr'><strong>quantum</strong></span> <span class='ocrx_word' id='word_1_319' title='bbox 794 3766 912 3825; x_wconf 82' lang='lat' dir='ltr'><strong>poteram</strong></span> <span class='ocrx_word' id='word_1_320' title='bbox 931 3760 1045 3813; x_wconf 89' lang='lat' dir='ltr'><strong>redirem</strong></span> <span class='ocrx_word' id='word_1_321' title='bbox 1065 3767 1093 3811; x_wconf 90' lang='lat' dir='ltr'><strong>et</strong></span> <span class='ocrx_word' id='word_1_322' title='bbox 1107 3760 1140 3810; x_wconf 91' lang='lat' dir='ltr'><strong>ad</strong></span> <span class='ocrx_word' id='word_1_323' title='bbox 1158 3758 1292 3813; x_wconf 75' lang='lat' dir='ltr'><strong>insolitam</strong></span> <span class='ocrx_word' id='word_1_324' title='bbox 1312 3765 1339 3808; x_wconf 89' lang='lat' dir='ltr'><strong>et</strong></span> <span class='ocrx_word' id='word_1_325' title='bbox 1357 3755 1443 3808; x_wconf 88' lang='lat' dir='ltr'><strong>altio-</strong></span> 
     </span>
     <span class='ocr_line' id='line_1_35' title="bbox 340 3827 1443 3898; baseline 0.001 -21"><span class='ocrx_word' id='word_1_326' title='bbox 340 3843 395 3878; x_wconf 84' lang='lat' dir='ltr'><em>rem</em></span> <span class='ocrx_word' id='word_1_327' title='bbox 416 3830 667 3898; x_wconf 82' lang='lat' dir='ltr'><strong>contemplationem</strong></span> <span class='ocrx_word' id='word_1_328' title='bbox 685 3846 761 3882; x_wconf 86' lang='lat' dir='ltr'><strong>mens</strong></span> <span class='ocrx_word' id='word_1_329' title='bbox 780 3846 840 3881; x_wconf 90' lang='lat' dir='ltr'><em>mea</em></span> <span class='ocrx_word' id='word_1_330' title='bbox 858 3830 1008 3897; x_wconf 73' lang='lat' dir='ltr'><strong>advolaret,</strong></span> <span class='ocrx_word' id='word_1_331' title='bbox 1026 3840 1053 3883; x_wconf 89' lang='lat' dir='ltr'><strong>et</strong></span> <span class='ocrx_word' id='word_1_332' title='bbox 1070 3832 1099 3883; x_wconf 89' lang='lat' dir='ltr'><strong>in</strong></span> <span class='ocrx_word' id='word_1_333' title='bbox 1118 3830 1264 3883; x_wconf 84' lang='lat' dir='ltr'><strong>reconditis</strong></span> <span class='ocrx_word' id='word_1_334' title='bbox 1283 3827 1363 3879; x_wconf 90' lang='lat' dir='ltr'><strong>rebus</strong></span> <span class='ocrx_word' id='word_1_335' title='bbox 1382 3842 1443 3879; x_wconf 91' lang='lat' dir='ltr'><em>cum</em></span> 
     </span>
     <span class='ocr_line' id='line_1_36' title="bbox 339 3898 1442 3969; baseline 0 -22"><span class='ocrx_word' id='word_1_336' title='bbox 339 3898 534 3965; x_wconf 76' lang='lat' dir='ltr'><strong>tranquillitate</strong></span> <span class='ocrx_word' id='word_1_337' title='bbox 555 3902 665 3969; x_wconf 87' lang='lat' dir='ltr'><strong>quadam</strong></span> <span class='ocrx_word' id='word_1_338' title='bbox 684 3902 765 3955; x_wconf 86' lang='lat' dir='ltr'><strong>animi</strong></span> <span class='ocrx_word' id='word_1_339' title='bbox 785 3910 947 3954; x_wconf 89' lang='lat' dir='ltr'><strong>versaretur.</strong></span> <span class='ocrx_word' id='word_1_340' title='bbox 990 3904 1103 3955; x_wconf 78' lang='lat' dir='ltr'><strong>maxima</strong></span> <span class='ocrx_word' id='word_1_341' title='bbox 1122 3903 1192 3953; x_wconf 88' lang='lat' dir='ltr'><strong>enim</strong></span> <span class='ocrx_word' id='word_1_342' title='bbox 1221 3916 1281 3967; x_wconf 88' lang='lat' dir='ltr'><strong>pars</strong></span> <span class='ocrx_word' id='word_1_343' title='bbox 1301 3900 1359 3950; x_wconf 90' lang='lat' dir='ltr'><strong>eius</strong></span> <span class='ocrx_word' id='word_1_344' title='bbox 1379 3899 1442 3949; x_wconf 89' lang='lat' dir='ltr'><strong>anni</strong></span> 
     </span>
     <span class='ocr_line' id='line_1_37' title="bbox 340 3969 1442 4043; baseline -0.001 -22"><span class='ocrx_word' id='word_1_345' title='bbox 340 3983 392 4035; x_wconf 89' lang='lat' dir='ltr'><em>quo</em></span> <span class='ocrx_word' id='word_1_346' title='bbox 418 3969 508 4023; x_wconf 82' lang='lat' dir='ltr'><strong>multia</strong></span> <span class='ocrx_word' id='word_1_347' title='bbox 534 3972 776 4037; x_wconf 85' lang='lat' dir='ltr'><strong>periclitationibus</strong></span> <span class='ocrx_word' id='word_1_348' title='bbox 801 3974 918 4026; x_wconf 82' lang='lat' dir='ltr'><strong>externis</strong></span> <span class='ocrx_word' id='word_1_349' title='bbox 946 3990 1035 4043; x_wconf 87' lang='lat' dir='ltr'><strong>neque</strong></span> <span class='ocrx_word' id='word_1_350' title='bbox 1062 3973 1147 4025; x_wconf 89' lang='lat' dir='ltr'><strong>adhue</strong></span> <span class='ocrx_word' id='word_1_351' title='bbox 1176 3972 1288 4024; x_wconf 87' lang='lat' dir='ltr'><strong>sublatis</strong></span> <span class='ocrx_word' id='word_1_352' title='bbox 1306 3969 1442 4021; x_wconf 85' lang='lat' dir='ltr'><strong>sollicita.</strong></span> 
     </span>
     <span class='ocr_line' id='line_1_38' title="bbox 338 4039 1443 4113; baseline -0.002 -22"><span class='ocrx_word' id='word_1_353' title='bbox 338 4039 431 4093; x_wconf 89' lang='lat' dir='ltr'><strong>bamur</strong></span> <span class='ocrx_word' id='word_1_354' title='bbox 450 4051 587 4095; x_wconf 87' lang='lat' dir='ltr'><strong>consumta</strong></span> <span class='ocrx_word' id='word_1_355' title='bbox 607 4053 674 4109; x_wconf 89' lang='lat' dir='ltr'><strong>erat,</strong></span> <span class='ocrx_word' id='word_1_356' title='bbox 712 4061 746 4097; x_wconf 83' lang='lat' dir='ltr'><em>cx</em></span> <span class='ocrx_word' id='word_1_357' title='bbox 773 4045 868 4098; x_wconf 88' lang='lat' dir='ltr'><strong>avibus</strong></span> <span class='ocrx_word' id='word_1_358' title='bbox 887 4061 956 4113; x_wconf 85' lang='lat' dir='ltr'><strong>quae</strong></span> <span class='ocrx_word' id='word_1_359' title='bbox 974 4062 1024 4099; x_wconf 90' lang='lat' dir='ltr'><em>nos</em></span> <span class='ocrx_word' id='word_1_360' title='bbox 1053 4043 1282 4097; x_wconf 87' lang='lat' dir='ltr'><strong>circumvolabant</strong></span> <span class='ocrx_word' id='word_1_361' title='bbox 1299 4041 1345 4092; x_wconf 91' lang='lat' dir='ltr'><strong>ubi</strong></span> <span class='ocrx_word' id='word_1_362' title='bbox 1364 4041 1443 4093; x_wconf 89' lang='lat' dir='ltr'><strong>verni</strong></span> 
     </span>
     <span class='ocr_line' id='line_1_39' title="bbox 339 4113 1443 4185; baseline -0.001 -23"><span class='ocrx_word' id='word_1_363' title='bbox 339 4114 468 4179; x_wconf 82' lang='lat' dir='ltr'><strong>temporis</strong></span> <span class='ocrx_word' id='word_1_364' title='bbox 494 4130 611 4167; x_wconf 81' lang='lat' dir='ltr'><strong>essemus</strong></span> <span class='ocrx_word' id='word_1_365' title='bbox 638 4117 824 4184; x_wconf 82' lang='lat' dir='ltr'><strong>cognovimus.</strong></span> <span class='ocrx_word' id='word_1_366' title='bbox 870 4118 1047 4185; x_wconf 85' lang='lat' dir='ltr'><strong>nequeenim</strong></span> <span class='ocrx_word' id='word_1_367' title='bbox 1066 4118 1159 4169; x_wconf 90' lang='lat' dir='ltr'><strong>durum</strong></span> <span class='ocrx_word' id='word_1_368' title='bbox 1187 4123 1215 4166; x_wconf 88' lang='lat' dir='ltr'><strong>et</strong></span> <span class='ocrx_word' id='word_1_369' title='bbox 1234 4113 1375 4165; x_wconf 90' lang='lat' dir='ltr'><strong>absurdum</strong></span> <span class='ocrx_word' id='word_1_370' title='bbox 1395 4127 1443 4162; x_wconf 90' lang='lat' dir='ltr'><em>so.</em></span> 
     </span>
     <span class='ocr_line' id='line_1_40' title="bbox 338 4182 1443 4256; baseline -0.002 -21"><span class='ocrx_word' id='word_1_371' title='bbox 338 4197 401 4235; x_wconf 86' lang='lat' dir='ltr'><em>num</em></span> <span class='ocrx_word' id='word_1_372' title='bbox 421 4184 535 4237; x_wconf 81' lang='lat' dir='ltr'><strong>edebant</strong></span> <span class='ocrx_word' id='word_1_373' title='bbox 553 4184 617 4237; x_wconf 89' lang='lat' dir='ltr'><strong>illae</strong></span> <span class='ocrx_word' id='word_1_374' title='bbox 637 4187 749 4239; x_wconf 91' lang='lat' dir='ltr'><strong>vocibus</strong></span> <span class='ocrx_word' id='word_1_375' title='bbox 769 4188 871 4256; x_wconf 78' lang='lat' dir='ltr'><strong>frigore</strong></span> <span class='ocrx_word' id='word_1_376' title='bbox 891 4188 1054 4252; x_wconf 86' lang='lat' dir='ltr'><strong>constrictis,</strong></span> <span class='ocrx_word' id='word_1_377' title='bbox 1070 4188 1117 4240; x_wconf 91' lang='lat' dir='ltr'><strong>sed</strong></span> <span class='ocrx_word' id='word_1_378' title='bbox 1136 4186 1223 4237; x_wconf 86' lang='lat' dir='ltr'><strong>libere</strong></span> <span class='ocrx_word' id='word_1_379' title='bbox 1242 4182 1443 4252; x_wconf 84' lang='lat' dir='ltr'><strong>praedicabant,</strong></span> 
     </span>
     <span class='ocr_line' id='line_1_41' title="bbox 338 4255 1507 4368; baseline 0 -61"><span class='ocrx_word' id='word_1_380' title='bbox 338 4269 387 4323; x_wconf 81' lang='lat' dir='ltr'><em>per</em></span> <span class='ocrx_word' id='word_1_381' title='bbox 406 4270 495 4311; x_wconf 84' lang='lat' dir='ltr'><strong>aeram</strong></span> <span class='ocrx_word' id='word_1_382' title='bbox 520 4256 665 4323; x_wconf 82' lang='lat' dir='ltr'><strong>sonabant,</strong></span> <span class='ocrx_word' id='word_1_383' title='bbox 695 4273 743 4325; x_wconf 84' lang='lat' dir='ltr'><em>per</em></span> <span class='ocrx_word' id='word_1_384' title='bbox 774 4274 885 4313; x_wconf 88' lang='lat' dir='ltr'><strong>nemora</strong></span> <span class='ocrx_word' id='word_1_385' title='bbox 911 4255 1053 4313; x_wconf 57' lang='lat' dir='ltr'><strong>cauabant</strong></span> <span class='ocrx_word' id='word_1_386' title='bbox 1078 4267 1105 4311; x_wconf 90' lang='lat' dir='ltr'><strong>et</strong></span> <span class='ocrx_word' id='word_1_387' title='bbox 1135 4257 1274 4311; x_wconf 90' lang='lat' dir='ltr'><strong>arboribus</strong></span> <span class='ocrx_word' id='word_1_388' title='bbox 1293 4255 1443 4309; x_wconf 87' lang='lat' dir='ltr'><strong>insidentes</strong></span> <span class='ocrx_word' id='word_1_389' title='bbox 1505 4281 1507 4368; x_wconf 65' lang='grc' dir='ltr'><em>ή</em></span> 
     </span>
    </p>
   </div>
   <div class='ocr_carea' id='block_1_5' title="bbox 337 4326 1442 4421">
    <p class='ocr_par' dir='ltr' id='par_1_11' title="bbox 337 4326 1442 4421">
     <span class='ocr_line' id='line_1_42' title="bbox 337 4326 1442 4421; baseline -0.005 -31"><span class='ocrx_word' id='word_1_390' title='bbox 337 4326 451 4390; x_wconf 80' lang='lat' dir='ltr'><strong>sceibus</strong></span> <span class='ocrx_word' id='word_1_391' title='bbox 470 4328 556 4387; x_wconf 78' lang='lat' dir='ltr'><strong>aeuus</strong></span> <span class='ocrx_word' id='word_1_392' title='bbox 576 4336 602 4385; x_wconf 85' lang='lat' dir='ltr'><em>st</em></span> <span class='ocrx_word' id='word_1_393' title='bbox 628 4330 759 4387; x_wconf 77' lang='lat' dir='ltr'><strong>suavibus</strong></span> <span class='ocrx_word' id='word_1_394' title='bbox 777 4338 910 4389; x_wconf 83' lang='lat' dir='ltr'><strong>concentu</strong></span> <span class='ocrx_word' id='word_1_395' title='bbox 939 4332 1053 4408; x_wconf 81' lang='lat' dir='ltr'><strong>quodam</strong></span> <span class='ocrx_word' id='word_1_396' title='bbox 1078 4330 1224 4421; x_wconf 71' lang='lat' dir='ltr'><strong>certabant</strong></span> <span class='ocrx_word' id='word_1_397' title='bbox 1261 4342 1314 4405; x_wconf 81' lang='lat' dir='ltr'><em>quo</em></span> <span class='ocrx_word' id='word_1_398' title='bbox 1334 4328 1442 4386; x_wconf 76' lang='grc' dir='ltr'><em>οεολίοο</em></span> 
     </span>
    </p>
   </div>
   <div class='ocr_carea' id='block_1_6' title="bbox 0 0 1596 5100">
    <p class='ocr_par' dir='ltr' id='par_1_12' title="bbox 0 0 1596 5100">
     <span class='ocr_line' id='line_1_43' title="bbox 0 0 1596 5100; baseline 0 2"><span class='ocrx_word' id='word_1_399' title='bbox 0 0 1596 5100; x_wconf 95' lang='lat' dir='ltr'><em> </em></span> 
     </span>
    </p>
   </div>
  </div>
 </body>
</html>
