3184 5100
302 377 1164 542 nusuonmuauzlrrrrulnaxruu1548.-
1200 423 1280 499 '187
1304 433 1309 444 ·

185 597 456 666 altisonantiam
478 603 635 680 χειμῶνος
666 597 723 681 τὴν
748 600 914 680 ἐκκλησίαν
941 599 1145 681 ἐμπέπληκεν.
1187 593 1347 668 ὁςὲκιῑ

183 705 250 764 τεᾶν
274 703 464 764 τελευταίων
496 681 667 783 ἐμφάσεων
695 703 749 763 καί
771 698 938 779 συμβόλων
959 695 1046 778 ἔχειν
1063 695 1192 761 ἅπαντα
1212 719 1282 760 τινα

181 802 411 881 τεκμαίρεσθαι
444 792 503 884 ἤδη
533 803 586 882 τῆς
611 824 645 863 τε
671 803 818 881 ἀσεβείας
847 796 997 881 ἑκατέρου
1030 795 1066 862 τὸ
1085 796 1283 880 ὑπερβάλλον

183 893 221 983 ἧς
244 898 305 965 dud
328 906 424 982 μέρος
446 898 591 988 Ιἑκάτερος
611 899 746 990 ἑκατέρῳ
762 898 1024 983 κεκοινωνήκεσαν
1045 897 1206 979 ἐνταυθοῖ,
1229 896 1284 961 καί
1310 893 1316 900 ’

110 1033 115 1045 ’
153 997 252 1082 διῖμα
274 1007 327 1085 τῆς
344 1007 589 1087 τεταμιευμένης
612 997 749 1090 ἑκατέρῳ
770 1001 887 1088 φλογὸς
901 1006 933 1076 ἐς
955 999 988 1066 εδ
1011 1006 1136 1083 μέλλον,
1160 996 1181 1080 ἢ
1201 996 1280 1064 ansul
1291 1004 1369 1061 ί.107
1379 1021 1404 1060 τ.

180 1102 215 1166 τὸ
236 1103 390 1185 ἀνάλογον
421 1100 579 1186 ἑκατέροις
608 1107 677 1168 ἐκεῖ
701 1100 964 1186 τεθησοδρισται.
1007 1103 1119 1190 Ἀρείερ
1139 1104 1199 1180 μὲν
1218 1098 1306 1183 γὰρ’

181 1203 201 1285 ἡ
226 1203 285 1286 τῆς
302 1207 443 1268 ἐνταῦθα
468 1205 625 1280 κολάσεως
656 1204 787 1283 ἔνδειξις
809 1211 903 1269 πλέον
932 1198 1076 1286 εἶχετοῦ
1097 1204 1283 1286 κολάζοντος

180 1303 218 1367 τὸ
243 1302 452 1386 φειδόμενον,
485 1309 631 1394 Παλαμρῖ
654 1310 688 1369 δὲ
710 1312 802 1368 πλέον
821 1310 880 1368 τοῦ
901 1308 1093 1390 φειδομένου
1115 1302 1226 1389 μακρῷ
1246 1301 1281 1363 τό

181 1405 324 1482 κολάζον.
376 1409 421 1494 τη]
450 1409 508 1485 μὲν
528 1405 591 1489 γάρ
618 1408 635 1492 ἦ
659 1403 722 1472 raia
751 1407 939 1489 σπλάγχνων
961 1410 1091 1479 κένωσις
1125 1400 1283 1487 φθάσασα

138 1505 240 1588 1οτην
260 1509 317 1569 τοῦ
340 1510 502 1586 δράματος
537 1508 688 1591 αἴσθησιν
709 1496 865 1590 ’ἄπρακτα
897 1512 1004 1585 μένειν
1030 1505 1068 1569 τοὶ
1091 1508 1145 1587 τῆς
1167 1499 1283 1583 σ’δῦνης

181 1605 357 1688 ἐπεπράχει
387 1613 473 1690 βέλη,
497 1607 576 1691 πρὸς
611 1615 687 1684 τέως
717 1610 932 1692 ἀναισθητοῦν
963 1607 1150 1688 ε’ρειδὸμενα
1168 1603 1283 1680 σῶμα·

179 1710 224 1794 τρῖ
247 1709 275 1769 δ’
298 1703 314 1790 ἦ
338 1714 408 1784 μετ’
427 1711 582 1794 αἰσχύνης
596 1709 752 1794 δριμύτης
770 1712 896 1772 ἐκείνων
917 1709 979 1771 τῶν
1000 1705 1114 1784 πόνων,
1137 1705 1182 1778 εἰς
1202 1698 1284 1781 ὁμό-

179 1831 269 1872 νοιαν
291 1818 354 1882 τοῖς
388 1812 489 1875 Ἰούδα
525 1815 662 1890 κιρυῶσα
685 1808 894 1894 παθήμασιν,
923 1811 971 1872 ἐπ’
997 1807 1068 1890 ἴσης
1102 1810 1208 1892 ἐκείνην
1230 1802 1285 1866 καί

179 1908 236 1990 την
255 1913 315 1972 τῶν
337 1912 513 1988 μελλόντων
537 1916 674 1977 αἰωνίων
703 1915 815 1976 δεινῶν
849 1905 1135 1994 προεζωγραίμησεν
1158 1905 1279 1968 ἕνωσιν.

136 2021 168 2076 15
179 2008 222 2082 ὥς
246 2010 383 2088 εἰκάζειν
406 2008 487 2078 εἶναι
505 2018 662 2092 ἐντεῦθεν,
685 2017 807 2092 μᾶλλον
820 2013 848 2075 δ’
872 2012 929 2072 urin
950 2010 1086 2086 εἰκάζειν
1107 2008 1176 2070 αλλ’
1196 2008 1280 2070 st'da'·
1310 2053 1338 2103 .-

176 2134 243 2185 W‘,
268 2117 380 2200 μακρῷ
394 2117 454 2177 τινί
472 2117 571 2194 μείζω
591 2118 823 2194 τεταμιεῦοθαι
840 2115 984 2200 Παλαμρὶ
1007 2110 1066 2193 την
1082 2109 1280 2172 κολάσοοσαν

175 2209 296 2299 ἔκτισιν
328 2209 346 2296 ἢ
382 2213 461 2279 κατὰ
497 2215 547 2280 τὸν
580 2219 721 2299 δυσσεβῆ
748 2220 801 2300 τῆς
824 2218 943 2295 μανίας
969 2218 1086 2294 ἐκεῖνον
1116 2208 1280 2291 ἐπώνυμον

167 2309 310 2398 Ἀρειον.

278 2405 324 2480 Ed
346 2421 457 2500 λέγεις.
501 2411 575 2499 ἄρτι
597 2415 707 2494 δὲτὰς
740 2416 854 2502 η’ρινοῖς
874 2419 930 2482 τοῦ
963 2415 1053 2499 ἡλίου
1072 2414 1192 2495 τροπὰς
1215 2428 1354 2480 nur-10·
1438 2463 1440 2467 .

130 2515 405 2597 popullcirrouror
427 2521 480 2583 καί
501 2524 559 2583 τοῦ
580 2522 844 2604 Καντακσοζηνού
863 2522 901 2607 τῇ
922 2519 1097 2601 Ὀρεστιοίιλι
1119 2517 1279 2597 ἐνδιατρί-

170 2624 281 2699 βοντας
296 2618 350 2697 ἔτι,
375 2623 535 2704 αἰφνίδιον
554 2618 570 2683 ὁ
588 2623 806 2701 Παλαιολόγος
823 2625 1026 2704 ἐπιφαίνεται
1039 2623 1214 2701 περιπλέων
1225 2617 1279 2681 τὸν

171 2726 246 2799 περί
270 2719 304 2784 τό
329 2706 506 2799 Βυζάντιον
527 2725 672 2807 πορθμόν
695 2729 822 2804 λέμβοις
850 2721 931 2801 ὁμοῦ
959 2726 1013 2785 καί
1039 2717 1192 2803 μονηρεσι
1225 2724 1280 2783 καί
1392 2758 1397 2766 -

172 2821 313 2905 διηρεσιν
327 2820 541 2888 ὀκτωκαίδεκα
563 2829 619 2889 καί
636 2822 756 2909 τριηρει
778 2826 853 2912 μιᾷ·
877 2820 897 2887 δ
917 2826 971 2887 καί
987 2820 1115 2907 μακρὰν
1130 2823 1174 2909 τῷ
1189 2823 1279 2884 Kus-

171 3174 300 3226 dedeeori
325 3188 402 3239 esse,
430 3188 499 3243 qnae
518 3177 582 3229 viva
602 3184 693 3229 essent
713 3184 739 3229 et
764 3178 909 3245 impietatis
926 3191 993 3229 suae
1011 3175 1169 3243 opprobium
1188 3178 1276 3229 ornni·

170 3244 220 3297 bus
246 3232 383 3311 propala'm
405 3246 503 3298 editum
523 3249 684 3301 miserrimus
710 3248 759 3301 ille
779 3248 962 3317 intelligeret,
995 3248 1100 3316 quantis
1134 3246 1277 3299 ecelesiam

171 3317 307 3369 aerumnis
327 3316 514 3385 implicaverit.
560 3336 619 3370 nam
648 3337 681 3371 ex
712 3322 840 3388 proximis
868 3321 974 3371 indiciis
1001 3328 1028 3370 et
1057 3320 1142 3386 siguis
1172 3328 1277 3385 poterat

170 3390 286 3457 quisque
307 3392 435 3458 consequi
456 3391 607 3443 immensam
629 3395 768 3461 utriusque
788 3393 962 3457 impietnem,
982 3400 1062 3458 utque
1081 3392 1151 3459 ignis
1164 3392 1276 3458 utrique

169 3460 268 3511 ibidem
296 3460 443 3511 cumulans
473 3463 499 3512 in
531 3462 646 3514 futurum
677 3480 784 3532 quoque
812 3465 920 3531 utrique
947 3463 1088 3514 attributus
1114 3464 1173 3513 erit.
1211 3462 1276 3515 Arei

170 3532 241 3582 enim
264 3546 353 3598 poenu
379 3533 508 3583 mundana
527 3534 587 3600 plus
616 3534 735 3587 lenitatis
757 3534 870 3587 habebat
890 3532 1013 3586 Palsmae
1044 3542 1131 3585 autem
1153 3548 1275 3600 poenas

168 3602 281 3653 leuitate
301 3602 409 3655 multum
429 3604 523 3657 abluit.
566 3606 608 3657 illi
644 3610 712 3658 enim
740 3608 928 3657 intestinorum
964 3606 1080 3659 deiectio
1112 3613 1174 3656 ante
1205 3606 1275 3656 laeta

168 3689 246 3741 quarn
266 3690 321 3724 rem
341 3676 435 3738 sensit,
455 3676 531 3727 leves
552 3686 632 3745 atque
651 3679 767 3730 infirmos
787 3678 901 3729 reddidit
919 3677 1027 3728 dolores
1046 3677 1091 3745 qui
1109 3692 1190 3728 sensu
1209 3676 1275 3728 sub.

168 3744 223 3796 lato
245 3759 341 3811 corpus
365 3746 463 3797 lrrtstru
482 3746 647 3815 ailligebaut.
687 3750 747 3801 huic
768 3764 833 3800 vero
847 3749 979 3799 acerbitas
999 3747 1118 3799 laborum
1138 3764 1196 3814 epm
1214 3757 1275 3799 tur.

167 3814 289 3881 pitudine
311 3818 452 3868 coniuncta
474 3820 505 3869 ad
524 3820 724 3872 similitudinem
745 3822 909 3871 miseriarum
923 3820 1076 3871 ludaeorum
1096 3828 1205 3871 aeterna
1225 3819 1274 3871 illa

166 3887 194 3936 in
219 3884 308 3937 lutuno
327 3888 459 3953 supplicia
478 3891 607 3957 depinxit.
647 3894 717 3944 unde
734 3892 858 3943 concludi
879 3900 976 3959 potest,
998 3893 1077 3941 immo
1096 3892 1170 3954 sciri,
1190 3890 1273 3943 multo

166 3959 321 4025 graviorem
340 3956 462 4011 Palamae
483 3976 596 4027 poenam
615 3980 675 4015 esse
695 3965 901 4032 praescriptam,
927 3979 1005 4031 quam
1025 3963 1098 4017 Areo
1126 3961 1169 4030 illi
1190 3964 1272 4031 impio

167 4028 200 4081 ab
220 4030 325 4081 insania
346 4031 384 4082 ita
404 4034 549 4084 nominato.
1009 4056 1019 4069 ·

268 4126 342 4179 Bene
362 4144 471 4194 narras3
497 4133 612 4198 peractis
635 4134 705 4182 enirn
725 4134 818 4183 vernis
840 4132 964 4185 solstitiis
988 4134 1049 4185 dum
1068 4131 1273 4185 Cantaeuaenus

166 4196 308 4251 Orestiade
327 4210 513 4267 commoratur,
532 4204 618 4253 subito
631 4202 811 4271 Palaeologus
831 4206 905 4255 venit
928 4204 960 4255 ad
981 4205 1156 4270 Byzantinum
1177 4204 1274 4254 ostium

165 4269 281 4321 navibus
300 4272 421 4338 appulsis
440 4276 604 4325 uuiremibus
624 4284 650 4325 et
671 4275 816 4325 diremibus
835 4276 1021 4343 duodeuiginti
1041 4282 1069 4326 et
1086 4276 1191 4326 triremi
1211 4286 1272 4323 una.

166 4354 237 4410 qnae
254 4356 299 4398 ενι
317 4358 443 4412 acapnum
458 4346 639 4401 Εεινοοοτοεί
660 4345 788 4401 militibus
811 4354 944 4401 torrorem
961 4348 1066 4401 iuieoit.
1085 4348 1115 4401 in
1132 4358 1181 4416 spe
1203 4344 1274 4405 enim
