3184 5100
289 403 512 474 ursuoarln
539 405 796 477 nmlnnmau
812 411 925 478 xxvr.
946 393 1077 479 5-7,
1151 512 1155 519 .
1200 405 1249 478 73

80 615 82 662 p
132 561 275 654 πέρατα
298 573 360 635 τῶν
389 571 519 653 ψευδῶν
548 573 581 648 ἐξ
610 569 739 656 δνείρων
767 573 975 658 προρρήσεων
1002 575 1049 652 εἷς
1069 576 1252 640 τοδναντίον

152 672 283 755 ὁρῶντες
309 665 423 750 ι’ύντα,
457 668 492 735 τύ
515 674 578 736 τῶν
599 674 729 756 ὀνείρων
751 665 795 738 σύ
817 677 984 739 αἰτιῶνται
1012 672 1253 763 ἀμφισβητήσι-

80 859 81 864 ¹
151 796 225 854 μον.-
281 773 380 856 ήδίως
402 774 433 864 δ’
467 766 507 836 ἐν
532 767 622 855 ἔγωγ’
649 770 780 860 ἐροίμην
807 773 941 856 αύτούς,
965 779 1033 852 πῶς
1057 784 1125 852 τοῖς
1147 775 1254 841 αύτῶν

154 873 257 960 ἐργοις
286 875 487 940 ἐναντιοῦται
508 871 599 958 este,
628 874 684 939 καί
710 873 768 950 τοὶς
796 878 861 940 τῶν
890 876 1098 961 προρρήσεων
1129 879 1254 943 ἐκείνων

128 977 283 1050 οέλπίδας
306 967 360 1038 eise*
382 978 513 1060 στρέφει
534 974 615 1060 πρὸς
628 977 790 1057 τοίναντία,
804 977 859 1041 καί
874 975 1010 1058 μάλισθ’
1030 972 1084 1042 ὅτε
1103 981 1141 1067 τή
1161 980 1254 1064 σφῶν

155 1077 324 1163 δοσσεβείρ
346 1080 422 1140 καθ’
438 1075 528 1158 ήμῶν
550 1074 583 1140 τύ
608 1073 720 1162 κράτος
741 1077 759 1161 ἦ
782 1079 932 1160 βασιλεία
963 1081 1098 1163 παρέχει
1118 1074 1254 1163 τερανύ-

153 1199 265 1261 τερον·
317 1178 385 1242 τότε
417 1172 478 1261 γύρ
503 1181 560 1242 καί
591 1177 704 1263 ζημίαι·
725 1180 964 1262 προσγίνονται,
995 1181 1164 1262 βασιλεῦσι
1194 1182 1255 1261 μὲν

153 1278 228 1359 περί
250 1276 287 1342 τιέ
312 1281 463 1364 φίλτατα,
480 1277 653 1360 Ῥωμαίοις
677 1280 812 1368 δὲκοινή
833 1283 908 1363 περὶ
925 1277 984 1356 τῶς
1004 1278 1113 1357 πόλεις
1137 1280 1193 1346 καί
1213 1279 1252 1346 τύ

155 1374 295 1462 δήμύσιοί
326 1401 359 1443 τε
389 1378 442 1443 καί
476 1384 550 1444 καθ’
572 1376 689 1444 ἐκαστα
711 1378 902 1463 πράγματα,
933 1385 989 1447 καί
1010 1386 1170 1465 ναυαγίων
1188 1374 1255 1446 οἷον

112 1480 350 1566 1οἐμπίπλαται
382 1476 485 1543 πάντα
511 1477 567 1544 καί
600 1475 754 1544 κινδύνων
787 1483 1015 1546 παντοδαπῶν·
1063 1484 1163 1566 ἐχρήν
1192 1479 1254 1565 γύρ

154 1578 360 1662 εὐδαιμονίαν
382 1581 569 1645 ἀποδιδόναι
591 1577 682 1665 σφίσι
705 1579 900 1664 πραγμάτων
921 1585 977 1648 καί
995 1580 1112 1659 πλῶτος
1141 1582 1255 1666 ἄργής,

154 1674 206 1742 o‘r'r'
230 1682 406 1766 ἐκδικηταῖς
428 1686 492 1745 τῶν
515 1685 656 1766 πατρίων
677 1678 762 1745 ἐθῶν
784 1686 840 1746 καί
863 1680 1029 1766 δογμάτων
1058 1686 1257 1763 καθισταμέ-

155 1803 220 1856 νοις
236 1781 292 1844 καί
308 1787 477 1857 κολασταῖς
490 1785 554 1848 τῶν
569 1781 706 1864 α’νύμων,
729 1783 784 1846 καί
801 1780 847 1866 μή
865 1786 985 1864 μᾶλλον
999 1783 1088 1868 παρῶ
1108 1785 1257 1849 τοσούτον

154 1869 262 1957 αὔξειν
273 1877 312 1946 τύ
323 1881 420 1965 χείρω
434 1883 509 1964 παρ’
520 1878 592 1948 ὅσον
604 1875 702 1968 αύξνγν
715 1883 808 1948 edroi
821 1890 886 1960 τοῖς
895 1889 971 1948 καθ’
981 1879 1071 1968 ήμῶν
1081 1886 1258 1967 παρέχουσι

113 1989 145 2042 15
155 1983 317 2065 διωγμοῖς.
359 1983 448 2048 δυσίν
476 1981 537 2067 γὰρ
560 1985 661 2050 ἕποντ’
682 1975 721 2048 ἐν
742 1980 901 2068 θάτερον,
925 1976 947 2069 ή
969 1983 1026 2049 τὸν
1048 1982 1125 2049 θεδν
1145 1976 1256 2047 ἄδικον

145 2076 235 2160 ,εἶναι
258 2085 396 2162 νομιζειν
427 2083 665 2165 ἐναντιούμενον
687 2093 769 2166 τοῖς,
799 2083 843 2161 οἷς
865 2086 963 2150 αύτοί
976 2109 1012 2166 γε
1033 2083 1137 2169 δήπου
1160 2093 1255 2170 φαῖεν
1317 2160 1326 2180 .
1394 2153 1406 2160 ,

156 2176 210 2262 ῶν,
228 2181 456 2267 ύπερμαχούσι
478 2189 540 2250 τῶν
556 2185 654 2250 θείων
679 2186 855 2270 δογμάτων,
881 2180 901 2271 ή
923 2186 1044 2251 δίκαιον
1067 2176 1153 2268 ὅντα,
1176 2191 1257 2271 σφί-

154 2308 206 2346 σιν
228 2276 325 2348 ῶδικα
348 2287 447 2367 δρῶσι
481 2269 675 2373 περιμανῶςΙ
689 2289 948 2372 ἀντιπράττοντα,
973 2283 1124 2371 πράττειν
1144 2289 1260 2367 καλῶς,

153 2384 206 2448 ἵνα
231 2391 299 2458 τοῖς
314 2385 478 2464 α’συνέτοις
499 2390 656 2474 ἐγγίνηται
678 2387 804 2466 σύνεσις
826 2387 880 2454 καί
899 2391 1056 2454 τῶνκαθ’
1077 2389 1171 2470 ύμῶν
1190 2389 1255 2453 αύ-

111 2491 462 2571 coenomanensi
481 2486 641 2570 μετάνοια.
684 2489 753 2557 o’ll'
774 2489 790 2555 ὅ
813 2493 888 2569 νοῦς
903 2491 1012 2556 αιίτῶν
1034 2492 1080 2566 είς
1105 2487 1260 2555 ῶπύνοιαν

137 2588 307 2670 ,ἐμπεσών
332 2586 587 2677 ἐκτετύφλωται,
611 2592 666 2658 καί
686 2594 814 2659 σύνεσιν
825 2590 1101 2672 πᾶσανκαθοὶπαξ
1120 2595 1145 2632 ”
1167 2590 1384 2657 ἐπεί-Μίδα.

155 2712 267 2757 παντο.

253 2777 355 2859 'Alit
378 2790 440 2880 γῶρ
462 2793 571 2881 ἐπειδή
592 2818 651 2882 περ
670 2788 759 2863 ούπω
781 2796 837 2863 καί
859 2767 997 2883 ἐήμερον
1017 2802 1084 2872 τοῖς
1104 2796 1162 2863 τού
1179 2799 1292 2862 ΠΜ

155 3034 265 3085 ctiones
286 3031 446 3083 contrariom
467 3031 565 3083 exitum
578 3032 669 3083 sortiri
688 3046 768 3100 quum
785 3030 903 3096 videant,
922 3030 1084 3084 somniorum
1101 3045 1192 3084 rursus
1212 3047 1260 3084 ac-

155 3112 252 3158 cusant
271 3102 479 3171 ambiguitatem.
516 3102 640 3155 lubenter
656 3118 720 3155 vero
742 3103 866 3171 equidem
892 3117 939 3155 eos
956 3104 1118 3186 rogaverim,
1140 3104 1186 3171 qui
1205 3105 1259 3167 ilat,

155 3185 185 3228 ut
203 3176 272 3228 deus
292 3190 382 3227 eorum
403 3174 566 3227 facinoribus
585 3175 742 3227 adversetur
768 3182 794 3226 et
814 3189 921 3242 semper
946 3189 1007 3241 spes
1027 3190 1061 3225 ex
1079 3176 1260 3241 praedicatio.

154 3248 236 3299 nibus
253 3254 401 3313 vconceptas
422 3248 450 3297 in
470 3248 631 3299 eontrarium
651 3254 748 3310 vertat,
768 3262 848 3315 quum
875 3246 1032 3313 praesertim
1052 3260 1143 3297 eorum
1162 3247 1260 3313 impie.

155 3320 203 3371 tati
225 3319 254 3370 in
272 3333 323 3370 nos
342 3319 516 3386 imperatores
534 3320 661 3370 maiorem
681 3326 760 3387 atque
780 3319 973 3371 evidentiorem
992 3318 1045 3369 vim
1066 3316 1169 3369 addant.
1207 3318 1261 3367 im.

155 3398 298 3459 peratores
326 3395 394 3441 enlm
422 3390 502 3442 rebus
528 3391 673 3442 carissimis
700 3390 842 3454 orbantur,
867 3390 1045 3443 Romanorum
1064 3388 1143 3441 orbes
1162 3404 1261 3455 resque

154 3462 285 3529 publicae
303 3469 383 3529 atque
408 3462 529 3529 privatae
549 3454 707 3513 detrimenta
740 3462 864 3528 capiunt,
885 3462 973 3512 omnia
1001 3461 1087 3513 veluti
1113 3459 1260 3528 naufragiis

156 3534 286 3602 omnique
308 3533 488 3585 discriminum
507 3548 609 3601 genere
626 3533 779 3600 implentur.
817 3532 931 3585 debebat
949 3547 1015 3584 vero
1036 3534 1101 3584 deus
1121 3532 1154 3583 iis
1172 3547 1262 3584 rerum

157 3604 318 3657 ielicitatem
338 3614 364 3655 et
382 3606 487 3671 imperii
506 3603 739 3671 amplificationem
767 3604 914 3671 praebere,
940 3610 1032 3669 utpote
1053 3604 1196 3670 patriorum
1216 3604 1260 3653 iu-

155 3677 311 3727 stitutorum
330 3684 410 3745 atque
429 3677 579 3743 dogmatum
599 3676 749 3727 vindicibus
769 3680 796 3727 e't
823 3673 1258 3744 illegitimorum,castigatoribns.

154 3763 247 3817 neque
268 3763 334 3799 vero
362 3750 396 3800 iis
417 3762 449 3799 eo
476 3747 590 3799 maiores
616 3746 779 3799 calamitates
807 3745 949 3814 indigere,
969 3760 1022 3814 quo
1040 3746 1125 3814 magis
1143 3752 1259 3797 nostram

155 3820 375 3887 persecutionem
396 3819 545 3871 intendunt.
585 3835 618 3871 ex
636 3819 739 3870 duobus
760 3818 966 3870 enimfalterurn
987 3818 1141 3869 necessario
1161 3832 1260 3870 conse.

156 3892 258 3959 quitur,
279 3900 309 3944 ut
327 3899 372 3943 aut
392 3892 457 3943 deus
477 3892 590 3943 iniustus
612 3890 748 3954 habeatur,
771 3905 851 3959 quum
870 3890 1021 3941 divinorum
1039 3890 1190 3957 dogmatum
1208 3889 1260 3941 de.

156 3964 321 4027 senensibus,
341 3976 393 4031 quo
411 3962 519 4013 nomine
538 3978 598 4013 sese
623 3964 674 4029 ipsi
694 3961 775 4013 facile
803 3960 1019 4028 appellaverint,
1038 3961 1194 4013 adversetur
1215 3969 1261 4013 aut

156 4036 216 4101 ipse
236 4036 325 4085 iustus·
341 4036 375 4087 iis
403 4026 501 4085 iniu‘ste
528 4034 667 4102 agentibus
697 4050 776 4101 quum
794 4048 855 4085 sese
873 4032 1015 4085 manifesto
1036 4040 1171 4099 opponat,
1190 4031 1260 4085 bene

156 4106 248 4169 iaciat,
268 4114 298 4156 ut
315 4104 524 4172 imprudentibus
544 4106 707 4171 prudentiam
738 4113 884 4168 eteorum,
913 4105 1029 4173 quaein
1047 4119 1096 4156 uos
1117 4105 1261 4155 commite.

155 4186 229 4243 runt,
247 4178 442 4245 poeniteutiam
462 4178 575 4228 inliciat.
619 4178 666 4229 sed
684 4192 759 4228 mens
788 4190 880 4227 eorum
898 4177 926 4227 in
951 4176 1110 4229 dementiam
1130 4172 1277 4245 praeceps'

156 4250 248 4301 delata
268 4264 373 4301 omnem
392 4248 499 4299 omnino
520 4246 593 4300 exuit
611 4248 786 4317 prudentiam.

259 4318 313 4373 Sed
334 4321 459 4388 quoniam
487 4322 602 4373 nondum
621 4332 716 4389 'usque
743 4320 840 4386 bodie,
859 4335 939 4391 quum
961 4320 1146 4388 peregrinatus
1167 4317 1262 4380 luerit,
