3184 5100
331 377 406 449 282
633 384 856 453 bicornem
887 386 1115 455 GREGORAE

297 551 303 564 ‘
330 542 413 613 εἶναι
433 546 567 627 ταότόν,
593 539 652 612 κόν
686 545 725 611 οὐ
760 550 845 627 βοοῖν
878 549 1070 636 διαρραγῇς,
1103 547 1140 614 τό
1171 540 1288 630 όμιντα
1316 544 1433 631 μιγνός

329 650 385 715 κατ’
415 652 514 731 λέγειν
544 646 597 713 τόν
627 652 716 712 θεῖον
754 646 870 713 ἐκεῖνον
908 651 1091 728 αἰτιώμενος
1121 642 1223 733 ἄνδρα
1254 653 1307 733 της
1341 649 1433 714 αἰιτό·

329 772 405 817 στου
423 753 551 836 φύσεως
573 752 739 833 διαφέρειν
762 749 821 833 την
834 743 978 814 οἴκτιστον
1000 750 1119 834 ταύτης
1139 752 1309 833 ἐνέργειαι.
1355 747 1430 813 οὐδὲ

328 848 389 937 γόρ
415 851 599 925 atrebatii
619 850 823 916 iuditiario
843 860 909 926 τοῖς
939 854 1058 915 ἐκείνου
1082 848 1330 934 συγγράμμασιν
1353 850 1430 915 vitot

329 950 429 1017 ιιολλό
462 952 603 1037 μογησας
637 946 709 1017 obre
732 954 824 1036 μόγις
854 958 935 1035 μέγα
956 979 986 1017 τι
1016 954 1078 1016 τεόν
1101 948 1225 1017 πόντων
1245 944 1315 1015 οὔτε
1339 946 1454 1031 μόλσ5

328 1052 420 1136 μόλις
443 1058 520 1138 γοῦν
548 1058 612 1118 τοόν
634 1052 821 1143 ,ἐλαχίστων
849 1054 945 1119 ου’δέν
966 1052 1146 1137 όμότροιιον
1176 1045 1216 1116 όν
1239 1052 1313 1117 ποθ’
1336 1044 1429 1133 εόροι

328 1158 471 1221 τουτοισί
496 1164 563 1230 τοῖς
583 1158 639 1219 νόν
655 1160 908 1238 παρευρημέυοις
929 1158 986 1219 καί
998 1157 1249 1237 προτεθειμένοις
1269 1156 1313 1240 τῷ
1328 1175 1430 1215 κατα-

329 1255 415 1343 ρότρ
436 1255 489 1319 σοι’
509 1259 656 1343 Παλαμηῖ
677 1257 731 1318 κατ’
753 1259 873 1342 δολερῷ
894 1254 1087 1342 σοιοφόντη.
1110 1256 1199 1319 δυοῖν
1218 1256 1292 1337 γοῦν
1317 1249 1429 1321 ἔπειτα

328 1357 477 1441 θάτερον,
500 1349 518 1440 ἢ
542 1354 601 1440 γὰρ
622 1353 703 1420 έκιόν
722 1362 923 1440 βλασφημεῖς
947 1351 967 1439 ἢ
989 1357 1049 1438 οδχ
1069 1353 1149 1421 έκόιν
1170 1358 1305 1438 α’γνοεῖς,
1328 1357 1431 1419 αὐαλ-
1513 1424 1514 1439 η

331 1459 474 1543 φόβητος
507 1448 561 1538 ὧν,
590 1458 633 1533 ὥς
668 1455 787 1538 έοιιιιν,
813 1454 868 1538 in,
900 1460 954 1521 καί
984 1461 1044 1522 τοῖν
1066 1456 1200 1539 ιιριότων
1229 1460 1284 1539 τῆς
1311 1457 1429 1540 σοφίας
1441 1469 1472 1525 10

331 1557 495 1641 στοιχείων
514 1557 598 1623 νιόνυ
623 1583 654 1623 τι
676 1556 788 1642 α’δαὴς.
832 1548 876 1622 ὧν
896 1555 928 1623 τό
951 1563 1010 1639 μέν
1032 1558 1176 1641 οἷνέατον,
1196 1556 1231 1623 τό
1257 1560 1286 1621 δ’
1309 1554 1430 1639 ἦμιμό.

329 1665 454 1744 χθηρον
476 1662 532 1724 καί
552 1658 702 1741 ἰόοιμσν·
724 1655 763 1743 ἢν
785 1652 842 1729 οὖν
862 1658 916 1724 καὶ
937 1657 1036 1734 αδτός
1057 1661 1180 1747 έθέλης,
1200 1654 1275 1723 ἑλοῦ
1295 1657 1329 1722 τό
1354 1656 1431 1723 δεό-

329 1785 429 1844 τερον.
474 1764 565 1826 δυοῖν
594 1760 657 1845 γὰρ
678 1756 819 1845 ὄψεσθαι
842 1761 980 1842 θάτερον
1013 1763 1130 1839 έλιιέζω
1152 1764 1208 1825 κατ’
1226 1752 1430 1843 oblatrandi

228 1932 235 1939 ,
329 1860 386 1946 την
407 1860 468 1944 ση”ν
497 1860 716 1949 ένιιστροφην,
746 1862 777 1926 εἰ
795 1858 916 1942 βούλει,
940 1854 962 1943 οἲ
981 1860 1037 1942 την
1063 1859 1123 1943 οη“ν
1144 1861 1377 1945 καταστροφήν,
1401 1860 1432 1923 εἰ

328 1960 372 2047 μη
395 1962 513 2046 βούλει.
563 1960 597 2028 τό
621 1962 761 2046 μὲυγόρ
790 1966 827 2027 οδ
850 1963 905 2045 ιη”ς
938 1964 1109 2035 πολυετοῦς
1132 1963 1291 2035 αἰιωλεέας
1313 1963 1429 2039 έξτλεῐ.
1441 1982 1475 2035 15
1514 1996 1515 2009 ι

263 2074 393 2143 ilvae,
413 2061 448 2126 τό
474 2065 510 2127 δέ
531 2063 586 2127 κατ’
607 2060 681 2138 τούς
703 2054 820 2137 όλλους
833 2060 879 2145 μὴ
900 2058 1112 2145 βλάπτεσθαι.
1155 2059 1255 2125 πόθεν
1278 2055 1335 2125 οὖν
1358 2064 1431 2125 int-

330 2167 514 2247 χειροίημεν
537 2158 578 2228 όν
618 2167 823 2245 μεταστιλλειυ
844 2154 956 2243 ’όνδρα
982 2164 1129 2225 τοσοῦτον
1156 2164 1213 2224 aaa*
1241 2156 1340 2234 οὕτως
1362 2156 1431 2244 ἦλι·
1515 2220 1516 2245 ;

329 2267 398 2340 νέας
420 2262 534 2347 ἔχοντα
545 2286 555 2343 ;
579 2259 599 2347 ἢ
622 2262 745 2340 ιιόντως
768 2259 845 2327 ὅθεν
866 2261 923 2325 orla
940 2263 1126 2327 αὐέλιιιστον
1144 2255 1183 2325 όν
1196 2260 1244 2346 εἴη
1255 2261 1288 2325 τὸ
1304 2264 1432 2341 σκέμμα

330 2363 410 2446 πρός
439 2367 602 2455 ω’ρέλιμον
632 2368 735 2446 τέλος,
766 2367 849 2447 μηδὲ
879 2366 1013 2445 μόταισς
1043 2367 1153 2445 γένοιτ’
1186 2354 1224 2426 όν
1255 2358 1432 2445 ἦσαουδη.

329 2466 487 2546 βούλομαι
512 2468 540 2528 δ”
563 2457 620 2531 οόν
642 2460 728 2545 ὅμως
745 2468 966 2548 ἐντελεστέραν
987 2468 1044 2529 τοῦ
1057 2461 1150 2547 λόγου
1174 2463 1352 2547 α’ρχόμινος
1372 2458 1475 2545 tejam

331 2571 395 2630 aeia
419 2567 649 2650 ῥηθησομένων
672 2565 872 2650 ποιήσασθαί
892 2589 944 2630 σοι
966 2565 1241 2650 νιροιιατόστοαιν,
1262 2567 1317 2630 κατ’
1338 2563 1434 2628 διδό-

318 2671 382 2744 .ξαι
407 2663 463 2730 τόν
485 2667 599 2750 ἀμαθῆ
616 2671 653 2731 σέ
668 2671 701 2746 ἐξ
718 2669 828 2730 ου’τιόν
851 2663 1029 2750 οἶρχόμευος
1052 2669 1113 2730 τῶν
1135 2665 1243 2730 όαλυῖν
1264 2669 1432 2747 στοιχείων

330 2770 386 2834 καί
408 2769 533 2854 φωνῶν,
555 2766 598 2843 σός
624 2767 654 2832 οἱ
676 2767 921 2852 γραμματισταὶ
943 2765 981 2832 τό
1001 2763 1163 2850 μιιρόκια,
1187 2768 1243 2832 ἵνα
1264 2765 1306 2852 μη
1330 2787 1429 2832 ουνε-
1516 2809 1517 2820 ι

331 3007 451 3080 (etiamsi
468 3013 498 3058 tu
516 3005 634 3061 elamore
653 3007 793 3075 rumpatis,
814 3006 859 3078 qui
876 3007 1052 3060 remotissima
1073 3007 1185 3058 misceas
1205 3013 1231 3058 et
1250 3003 1342 3062 dicere‘
1357 3009 1431 3062 divi.

330 3094 392 3134 ιιυιο
411 3077 487 3131 illurn
506 3079 656 3133 crimineris
676 3080 762 3131 virum
780 3077 813 3130 ab
832 3079 951 3130 increata
969 3085 1064 3130 natura
1085 3077 1192 3129 differre
1211 3079 1356 3130 increatam
1372 3081 1430 3134 eiua

332 3151 512 3204 efficientiam.
550 3167 638 3220 neque
654 3152 724 3204 enirn
740 3152 881 3219 quisquam
897 3151 1011 3201 omnium
1031 3150 1059 3199 in
1080 3143 1154 3200 illius
1172 3149 1289 3218 scriptia,
1309 3153 1431 3234 quamvis

330 3222 441 3276 maltum
461 3221 638 3287 elaborando,
669 3224 716 3275 vix
749 3238 838 3290 neque
869 3237 990 3290 magnum
1019 3223 1134 3272 omnium
1153 3237 1242 3290 nequo
1262 3223 1431 3274 minimorum

331 3295 437 3364 quidem
458 3295 601 3363 quidquam
621 3293 708 3346 aimile
728 3295 849 3344 inveniat
868 3308 981 3361 unquam
998 3292 1040 3356 iia,
1060 3307 1128 3360 quae
1146 3308 1216 3342 nune
1232 3307 1247 3344 a
1265 3300 1301 3358 te,
1314 3293 1430 3358 Palania,

331 3367 512 3418 obtrectatore
532 3365 662 3416 detestato
692 3374 718 3418 et
737 3365 867 3434 iaaidioao
895 3365 1005 3414 inventa
1030 3373 1056 3415 et
1081 3363 1185 3432 prolata
1209 3368 1295 3432 aunt).
1333 3365 1431 3428 delirio

332 3439 488 3490 alterutrum
508 3437 624 3504 quidem,
644 3443 690 3486 aut
707 3437 777 3485 enim
795 3450 850 3484 non
870 3435 970 3486 invitus
992 3434 1060 3486 falso
1081 3435 1245 3500 criminatio,
1265 3442 1311 3486 aut
1329 3436 1431 3486 invitus

331 3509 380 3561 illa
398 3509 518 3575 ignoras,
541 3514 567 3557 et
580 3506 725 3558 illiteratus
744 3522 782 3570 ea,
803 3515 832 3557 ut
851 3506 965 3568 videtur,
987 3506 1090 3570 adhue,
1111 3513 1137 3556 et
1156 3507 1298 3572 prlmorum
1319 3507 1432 3572 eapien-

332 3582 387 3633 tiae
408 3578 599 3630 elementorum
620 3579 731 3628 omnino
751 3579 879 3646 ignarus,
900 3593 1010 3644 quorum
1034 3577 1102 3628 illud
1126 3577 1291 3642 insanabile,
1313 3577 1364 3628 boo
1384 3594 1432 3629 ae.

332 3651 494 3702 mimiaerum
514 3649 636 3713 (dimidio
659 3648 770 3718 melina)
792 3657 819 3699 et
837 3648 957 3699 sanabile
978 3656 1033 3699 eata
1054 3649 1171 3716 eiigitur
1187 3656 1213 3699 et
1231 3649 1289 3715 ipae
1307 3651 1358 3713 via,
1379 3648 1433 3700 boe

333 3722 434 3789 delige.
471 3719 627 3770 alterutrum
647 3721 716 3771 enirn
735 3737 777 3771 me
798 3722 916 3772 visurum
935 3735 995 3770 ease
1014 3734 1093 3786 opero
1113 3727 1249 3786 optoque,
1268 3728 1313 3771 aut
1331 3729 1359 3771 te
1379 3733 1433 3772 vo.

333 3794 408 3845 lente
429 3792 542 3842 reditum
564 3799 648 3855 tuum,
668 3799 713 3843 aut
732 3799 759 3843 te
777 3791 888 3842 nolente
916 3792 1049 3842 interitum
1071 3799 1159 3853 tuum,
1179 3790 1291 3843 alterum
1313 3792 1382 3842 enim
1404 3799 1434 3842 te

333 3863 460 3916 liberabit
478 3863 600 3930 pernicie
620 3871 734 3926 arterna,
755 3863 869 3914 alterum
892 3864 970 3913 etiam
988 3870 1110 3913 caeteros
1130 3863 1234 3912 damno.
1273 3862 1330 3932 [lrie
1350 3862 1433 3914 Pala.

334 3949 401 3986 marn
420 3935 499 3985 doeet
517 3949 586 4001 quaa
606 3935 676 3983 aeire
693 3949 751 3983 eurr
771 3936 824 3984 iam
847 3933 911 3984 olim
932 3933 1095 4002 oportebat].
1115 3933 1247 4002 quomodo
1265 3935 1347 4002 igitar
1367 3949 1433 4001 per.

334 4005 448 4058 suadere
468 4002 695 4067 conabimur-,tall
715 4020 802 4072 eoque
829 4006 880 4059 iarn
899 4006 994 4056 aetatis
1014 4013 1143 4072 provecto
1163 4005 1238 4068 viro,
1257 4012 1304 4056 aut
1323 4007 1433 4056 omnino

338 4077 469 4145 quomodo
491 4091 545 4126 uon
567 4074 738 4141 insperabilia
761 4078 813 4126 erit
839 4077 872 4127 de
897 4076 958 4127 utili
985 4077 1057 4128 exitu
1076 4082 1234 4142 prospectus
1257 4091 1346 4144 neque
1363 4091 1435 4127 vana

336 4148 383 4199 llet
402 4144 505 4213 opera?
541 4154 629 4198 tamon
648 4146 712 4197 volo
733 4146 881 4212 pleniorem
901 4149 929 4199 in
948 4149 1076 4202 orationis
1096 4147 1172 4200 initio
1191 4161 1282 4200 eoram
1302 4162 1371 4215 quae
1389 4147 1434 4198 di.

337 4225 433 4269 eantur
457 4218 597 4268 instituere
623 4217 672 4268 tibi
688 4218 910 4283 dispositionem,
939 4227 1016 4272 etto
1042 4219 1156 4271 edocere
1185 4233 1218 4272 ex
1245 4219 1311 4284 ipaia
1329 4217 1436 4270 initium

340 4301 449 4345 ιοσιιοι
472 4287 638 4356 aimplieilrar
657 4284 799 4343 elemeatb
818 4297 846 4344 ot
863 4291 946 4356 aonia,
965 4299 995 4344 ut
1011 4290 1132 4361 magistri
1142 4303 1258 4357 ιιυοτον,
1275 4305 1310 4348 no
1327 4303 1437 4360 tempor
