3184 5100
283 380 517 472 'ursrouran
534 403 792 473 pantaneia
809 408 920 473 xxxi.
943 392 1129 476 te-et.
1197 401 1270 477 361

171 590 289 641 ποντα,
313 569 539 649 με’νυντρδΗ
524 592 557 632 εν
577 594 614 657 τη
638 562 777 653 ἓνότητι·
821 566 855 633 τό
890 568 950 654 γάρ
975 574 1196 655 πληθύνεσθαι
1218 570 1273 637 τόν

172 673 230 735 ἕνα
253 667 332 733 θεόν
361 678 428 743 ταῖς
450 678 671 755 πρυνυητικαῖς
694 666 854 751 πρυόδυις,
872 675 1016 736 τουτέστι
1039 681 1104 749 τοϊς
1128 696 1163 737 τε
1184 676 1274 755 ἐγκυ-

127 791 139 825 t
172 750 279 847 άμόσις
308 768 362 834 κατ’
388 771 613 855 δπτρκυσμιόις
647 768 812 853 θαύμασι,
851 774 1050 853 διαιρεῖσθαι
1092 777 1148 838 καί
1181 776 1276 857 μερό-

175 873 292 963 ζερθαι
310 872 396 937 ἐστιν
416 870 597 953 ἀναλόγως,
629 881 873 955 συμμαρτυρεῖν
904 872 1071 952 κάνταυθά
1094 871 1125 938 οἱ
1152 872 1274 956 ψευδό.

145 985 267 1054 5μενυς
297 996 351 1037 και
393 976 602 1058 συκοφαντῶν
635 970 690 1038 τόν
723 972 889 1039 θειότατον
920 975 1084 1053 Μάξιμον.
1123 977 1184 1062 εἷς
1210 972 1273 1057 γάρ

174 1075 280 1155 ἕτερον
297 1072 356 1157 τὴν
379 1056 472 1160 ῥῆσιν
492 1076 665 1159 μεταφέρει
692 1076 786 1161 ναόν,
810 1072 1013 1157 κακοτρόπως
1034 1079 1198 1156 συμκυκυῖν
1221 1074 1276 1139 κατ’

176 1172 414 1256 όναμυχλεόων.
458 1177 534 1256 περὶ
554 1164 591 1257 ἧς
621 1178 677 1239 καί
699 1177 799 1239 πλείω
830 1180 932 1257 λέγειν
961 1174 1017 1239 κατ’
1041 1171 1199 1254 ἐξετάζειν
1220 1172 1277 1251 καὶ

176 1274 338 1338 διδάσκειν
358 1274 526 1339 κάνταόθα
547 1272 601 1339 τόν
622 1276 735 1359 άμυθῆ
747 1273 1057 1359 βαυλόμεισςόμωγε
1080 1276 1276 1359 πρυσὴκσντα

173 1379 229 1439 νόν
254 1371 309 1440 τόν
330 1372 443 1459 καιρόν
465 1376 535 1456 οὐχ’
556 1374 640 1457 ipe·
665 1369 682 1437 6
695 1399 729 1441 τε
750 1373 810 1459 γάρ
836 1379 898 1441 τῶν
926 1370 1032 1441 ἄλλων
1062 1370 1185 1440 ἄνωθεν
1216 1376 1277 1439 δν-

131 1482 299 1543 1οθόλκων
321 1472 512 1559 εἶρμόςύόκ
532 1478 570 1564 ε’ρῖ
592 1479 768 1559 διατρίβειν
787 1501 848 1559 με,
870 1482 927 1543 καί
949 1471 1018 1557 άμυι
1038 1473 1119 1559 πρός
1141 1471 1276 1558 ἄτεχνόν

175 1600 209 1642 τι
232 1580 285 1640 κατ’
306 1576 493 1659 κακότεχνυν
515 1572 628 1661 ψυχήν
651 1578 855 1645 σόκείσιόναι
868 1577 987 1643 δύναιτ’
1006 1572 1046 1642 άν
1064 1577 1183 1666 ρ’ριδόως
1201 1570 1277 1641 τότε
1316 1596 1344 1623 ¹·

174 1679 250 1761 γαόν
272 1674 381 1760 βραχύ
403 1702 435 1741 τι
466 1680 528 1743 τιόν
549 1678 687 1761 εόλόγων
708 1682 804 1763 μέρος
837 1673 912 1745 oin
934 1682 1006 1764 ’μὴν
1027 1682 1061 1745 ἐν
1080 1677 1304 1766 βραχυτάτιρῑ.
1317 1695 1402 1751 171ι.

174 1776 267 1859 μόρει
286 1774 416 1859 χρόνον.
679 1812 683 1820 =

266 1873 374 1966 Ὅμως
403 1876 448 1943 ἵν’·
473 1882 595 1945 ἐκεῖθεν
628 1880 841 1963 διαλάβωμεν
878 1878 1061 1957 ἐπανιόντες
1090 1876 1188 1959 αὖθις
1222 1879 1341 1957 reim
1444 1929 1447 1937 ,

132 1978 286 2062 15λόγσν,
306 1984 362 2045 καί
391 2005 454 2047 των
482 1980 611 2062 άτόμων
632 1982 751 2047 σόσιαῖν
780 1978 900 2067 ἑκάστη
929 1990 990 2063 μια
1014 2008 1068 2049 και
1091 1980 1202 2068 πρότη
1222 2008 1278 2048 και
1329 2063 1332 2071 1

120 2097 124 2103 ’
176 2077 392 2163 άδιαιρετός’
377 2085 455 2160 εστὶ,
477 2106 528 2147 και
548 2085 617 2146 κατ
638 2085 714 2147 aare
730 2106 766 2165 ys
780 2107 877 2149 revue
893 2110 947 2149 και
969 2085 1099 2188 α’μερής.
1121 2079 1195 2150 τότε
1215 2081 1276 2167 γάρ

175 2179 254 2247 εἴδει
277 2174 349 2247 οὔτε
372 2176 503 2273 άριθμρι
525 2178 608 2249 εἶναι
631 2186 706 2249 καθ’
738 2180 837 2268 αότὴν
865 2168 1100 2271 μεμαθήκαμεν
1122 2188 1278 2265 σόδτμιαν

177 2282 305 2347 airis·
332 2281 570 2367 διαμαρτόντα
592 2290 648 2351 καί
670 2288 810 2367 α’τόμυυς
833 2286 945 2363 υδσόσς
967 2294 1126 2373 φαμὲντσ
1120 2284 1276 2352 τοιάδε·

176 2383 245 2447 ἀλλ’
274 2377 491 2460 ου’σιυόδεις”
472 2408 558 2463 σμως
582 2382 695 2468 ἔχουσι
725 2385 888 2473 διαφοράς
921 2391 955 2453 ἐν
986 2412 1032 2476 τρι
1065 2377 1220 2483 ρλκεόρι“
1200 2409 1276 2474 epp.
1298 2407 1318 2448 .’

131 2485 251 2560 pooiet
271 2480 333 2568 γάρ
346 2478 492 2549 iiiii*
454 2508 527 2549 υυτε
549 2510 611 2551 των
611 2482 870 2570 όριζυμένων”
833 2512 905 2554 υυτε
920 2513 984 2554 των
1004 2471 1278 2603 διαιρουμένων”
1255 2514 1277 2572 η

76 2589 77 2592 ’
174 2585 426 2670 μεριζομένων“
408 2590 464 2672 σφ’
478 2585 558 2652 αότό
576 2583 633 2664 τάς
646 2589 847 2666 ουσιωδεις
826 2613 893 2673 εχει
915 2588 1087 2675 διαφοράς,
1104 2589 1176 2653 ἀλλ’
1191 2582 1279 2654 άνω-

148 2679 152 2684 ’
175 2692 231 2752 θεν
254 2684 403 2752 κατιόντα
428 2691 554 2772 δέχεται
570 2690 624 2753 τόν
641 2696 832 2758 συντιθέντα
852 2692 994 2776 ὁρισμόν,
1016 2698 1050 2758 ἐκ
1070 2683 1217 2774 γόνους
1200 2715 1278 2756 οντα

175 2787 229 2854 καὶ
245 2793 443 2856 συστατικῶν
466 2793 647 2878 διαφοράν·
691 2789 946 2878 όριζόμενυιμάρ
968 2789 1026 2859 τόν
1046 2786 1218 2876 άνθρωασν
1239 2791 1277 2855 esi

173 3084 296 3143 tentem,
314 3041 465 3132 manenteln
482 3079 598 3132 veroin
615 3079 728 3132 unitate.
764 3077 898 3146 pluralem
919 3094 979 3132 esse
999 3079 1078 3132 deum
1095 3078 1278 3153 praecognitis

175 3114 336 3214 erentib6s‚
356 3149 409 3202 hoe
428 3158 483 3216 est,
505 3150 671 3202 naturalibus
690 3158 717 3203 et
743 3149 990 3218 supernaturalibus
1007 3144 1160 3213 miraculi's3
1179 3150 1278 3204 divisio

176 3231 203 3275 et
220 3221 329 3289 partitio
354 3229 395 3273 est
415 3221 448 3272 ad
466 3221 676 3274 similitudinem
714 3223 826 3274 assentit
847 3221 1032 3274 fraudulentus
1050 3221 1100 3273 ille
1125 3229 1152 3273 et
1169 3221 1202 3272 tt
1220 3221 1279 3273 lia.

175 3294 273 3346 ximum
299 3290 474 3344 calumnians.
518 3295 665 3345 orationem
691 3295 808 3344 enimin
835 3295 994 3346 contrariam
1023 3301 1124 3360 partem
1153 3292 1280 3344 transfert

175 3365 356 3434 perturbatam
377 3372 403 3416 et
425 3381 561 3429 eversam,
590 3365 623 3417 de
643 3380 695 3432 quo
715 3365 792 3431 plura
811 3365 903 3417 dicere
928 3374 955 3417 et
973 3364 1108 3418 indoctum
1128 3365 1280 3414 examinare
1378 3369 1382 3377 ’

177 3445 204 3490 et
222 3437 320 3488 decere
338 3434 431 3500 velim,
452 3436 499 3489 sed
517 3445 621 3504 tempus
640 3437 691 3488 iarn
711 3445 799 3503 aptum
818 3452 872 3488 neu
892 3437 983 3489 video.
1029 3451 1090 3487 nam
1109 3450 1197 3486 rerum
1217 3435 1280 3485 iude

176 3508 209 3560 ab
235 3507 312 3559 initio
331 3509 417 3558 series
441 3523 496 3558 nen
521 3509 620 3576 patitur
643 3524 687 3559 me
713 3509 812 3560 morari
837 3524 888 3558 nec
914 3510 1026 3575 propter
1043 3507 1156 3558 inertem
1177 3513 1205 3556 et
1220 3521 1280 3556 ma.

177 3579 279 3648 lignum
297 3587 413 3630 mentem
432 3594 487 3631 uon
510 3579 591 3633 iucile
610 3581 717 3648 assequi
736 3581 794 3632 sani
814 3580 964 3648 quicquam,
983 3593 1019 3630 ne
1037 3578 1197 3641 brevissime
1218 3577 1281 3645 qui.
1301 3578 1304 3585 ⁴

177 3651 236 3704 deur
253 3658 384 3718 tempore.

278 3747 442 3814 Quamquam
461 3747 565 3800 reversi
586 3763 678 3800 rursus
702 3745 854 3815 orationem,
875 3747 1045 3812 recipiamus.
1083 3745 1282 3802 elementaliuut

177 3819 353 3872 essentiarum
371 3833 548 3886 unaquaeqne
566 3821 646 3870 unica
664 3827 705 3872 est
732 3826 759 3870 et
777 3819 903 3884 primaria
927 3826 954 3870 et
977 3817 1111 3884 impartita
1138 3825 1165 3869 et
1188 3818 1223 3870 eh
1252 3819 1281 3870 id

176 3893 264 3958 ipsura
283 3903 336 3940 nou
356 3888 533 3940 dissolubilis.
578 3904 632 3942 nen
656 3892 725 3942 euim
746 3889 839 3956 specie
857 3897 903 3940 aut
922 3903 1034 3941 numero
1055 3892 1179 3941 constare
1198 3888 1284 3948 ullarn

177 3959 381 4023 intelleximus,
409 3960 471 4010 ideo
492 3959 665 4012 elementales
687 3961 817 4012 essentias
842 3975 978 4012 vocamus.
1016 3961 1174 4013 essentiales
1191 3969 1281 4014 tamen

176 4031 323 4085 varietates
356 4029 489 4082 habeut
482 4033 653 4097 inpropriis
674 4035 730 4084 suis
749 4032 855 4083 finibus.
897 4031 966 4082 nihil
987 4032 1056 4083 enim
1078 4046 1184 4095 eorum,
1212 4048 1281 4100 quae

178 4111 302 4170 separata
321 4111 382 4153 suut
400 4109 445 4160 aut
462 4102 591 4164 dissoluta
609 4111 655 4154 aut
673 4105 777 4170 partita,
801 4103 984 4154 essentiales'
977 4119 1004 4154 in
1018 4118 1048 4153 se
1066 4107 1210 4159 varietates
1229 4104 1281 4156 ha·
1388 4097 1392 4103 “

180 4175 240 4238 bet,
270 4173 318 4228 sed
337 4173 370 4224 ab
390 4167 466 4226 initio
487 4175 702 4242 progredientem
726 4177 824 4241 recipit
849 4175 1030 4228 definitionem
1054 4179 1227 4245 conpositam
1247 4189 1281 4226 ex

179 4261 282 4316 genere
303 4253 330 4298 et
348 4245 569 4314 componentibus
589 4247 772 4299 varietatibus.
792 4247 950 4300 definientes
972 4249 1042 4299 entur
1065 4227 1209 4310 homiuem,
1226 4259 1281 4296 nen

155 4316 356 4396 elementales
375 4325 402 4370 et
426 4324 537 4378 naturae
558 4317 692 4395 subiectas
710 4326 840 4378 mentina
861 4318 1054 4390 ptrttwitiuti
1076 4319 1232 4413 ditiqutt·
1251 4329 1281 4390 8
