3184 5100
242 383 463 470 mosomus
489 379 749 451 assumas
764 384 904 451 xxxiv.
929 366 1062 454 1λ-1
1075 370 1113 455 t.
1182 370 1256 453 iit

151 547 363 632 lsiaospo‘m'ov·
388 549 444 631 τῆς
460 539 611 630 ἓβραΐδος
641 543 709 609 ἔστι
740 544 893 629 λεγόμενα
917 549 1101 612 διαλέκτου·
1146 540 1198 613 οἷα
1217 548 1259 614 τό

152 644 214 734 ἀφ’
236 646 326 732 ἡμῶν
346 649 450 712 ἐκεῖνοι
465 648 522 718 νῦν
538 646 761 732 προβληθέντα
775 645 830 709 καί
851 644 913 711 όσα
934 650 1152 735 παραπλήσιοι,
1175 650 1255 735 λέγω

155 734 197 831 δίη
220 746 256 813 τό
274 746 429 834 “ἑλάλησε
464 747 572 832 κόριος
593 744 673 833 πρός
694 748 825 831 Μωσῆν
854 746 986 825 ἐνοίπιος
1006 750 1140 836 ἐνωπάρ,
1163 746 1207 825 τός
1229 747 1259 814 εἴ

152 873 205 925 τις
230 848 363 932 λαλήσει
383 845 464 933 πρός
483 840 600 911 ἑαυτοῦ
623 847 732 933 φιλον,
764 846 867 931 στόμα
897 846 979 932 πρός
999 850 1101 934 στόμα
1124 853 1157 914 ἐν
1179 849 1258 917 εἴδει

123 950 213 1018 5καῖ
236 948 272 1013 oei
295 953 335 1014 δι’
358 946 578 1033 αἰνιγμάτων,”
598 948 655 1012 καί
667 950 761 1016 πόλιν
775 946 829 1021 “τό
852 950 887 1015 δὲ
910 944 985 1035 ὅρος
1004 954 1061 1015 τοῦ
1079 954 1159 1014 Σινιῖ
1180 954 1254 1041 iige-

154 1051 283 1131 πνίζετο
308 1048 362 1114 διὰ
389 1048 424 1115 τό
453 1050 705 1133 καταβεβηκέναι
738 1052 786 1117 ἒτί
811 1049 886 1116 αότό
921 1049 975 1116 τόν
997 1050 1073 1115 θεόν
1095 1052 1128 1115 ἐν
1149 1050 1256 1138 πυρί,”

153 1152 213 1221 καί
234 1151 329 1215 πόλιν
349 1148 406 1214 “sai
430 1152 465 1214 δὲ
486 1145 569 1226 εδδος
590 1153 646 1234 τῆς
668 1152 762 1235 δόξης
783 1152 896 1236 κυρίου
914 1150 958 1227 τός
979 1153 1042 1237 πῦρ
1065 1150 1180 1238 φλέγεν
1202 1151 1256 1216 ἐπὶ
1336 1152 1342 1159 ’

154 1254 304 1338 κορυφῆς
323 1252 380 1315 τοῦ
403 1246 500 1337 ὅρους
518 1252 658 1316 ἐναντίον
678 1255 742 1314 τῶν
762 1250 843 1315 υἱῶν
862 1250 1020 1337 Ἰσραήλ.”
1047 1251 1104 1316 καί
1125 1253 1255 1315 τοιαῦτα

129 1345 278 1438 μυρία,
311 1351 416 1417 ὁπόσα
447 1351 555 1416 κτιστά
583 1346 658 1416 όντα
679 1355 719 1438 τῇ
747 1354 807 1433 μὲν
831 1352 962 1443 ἀκτίυτιρ
989 1351 1081 1441 οόσίρ
1103 1354 1159 1416 τοῦ
1178 1354 1256 1420 θεοῦ

107 1455 284 1526 ιοπάντων
304 1450 418 1537 ἥκιστά
438 1453 524 1516 ἐστιν
546 1451 711 1537 ἁρμόττειν
732 1450 840 1531 όσιον,
863 1452 942 1539 πρός
962 1476 996 1538 γε
1025 1449 1089 1537 μην
1120 1456 1255 1519 παιδευ-
1348 1500 1353 1507 -

154 1554 247 1639 τικην
264 1556 328 1617 τῶν
344 1552 524 1638 χρωμένων
546 1553 728 1635 οἰκονομίαν
748 1552 785 1615 οά
800 1554 888 1637 μόλα
913 1553 1081 1639 ἀχρήστως
1103 1552 1180 1635 ἔχει,
1201 1552 1256 1619 ναὶ
1324 1570 1326 1578 “

155 1653 222 1739 μὴν
251 1652 319 1717 οὔδ’
350 1650 394 1729 οἷς
429 1650 623 1738 πορρωτάτω
653 1656 708 1717 τοῦ
741 1652 906 1739 ἀφελίμου
941 1660 1051 1717 κεῖται.
1093 1660 1202 1717 καλεῖν
1226 1656 1255 1719 δ’
1267 1664 1323 1716 lo
1420 1671 1425 1682 ·

77 1813 79 1844 η
158 1750 252 1837 οἶμαι
273 1752 313 1819 τά
334 1754 425 1839 λόγια
450 1757 513 1817 τῶν
534 1757 707 1839 προφητῶν
727 1755 760 1818 έν
780 1752 860 1821 εἴδει
880 1756 939 1838 μὲν
953 1752 1081 1837 ὁμιλίαν
1101 1756 1180 1818 θεοῦ
1201 1755 1256 1819 καὶ

77 1915 79 1948 η
160 1856 300 1942 ἀγγέλων
323 1854 404 1942 πρός
426 1854 618 1939 ἀνθρώπους
637 1851 693 1938 τὴν
715 1843 871 1939 αἰσθητὴν
893 1855 948 1919 καί
967 1854 1174 1940 ἐγρηγορόσιν
1197 1854 1266 1918 oui,

77 2017 79 2035 ,
111 1975 148 2029 15
157 1964 226 2033 τοῖς
250 1955 453 2046 φαινομένην,
473 1952 587 2029 όποίας
609 1954 665 2018 καί
683 1953 834 2039 ’Λβραόμ
855 1955 987 2039 ἦξιιόται
1004 1954 1158 2041 πρότερὀν
1180 1954 1256 2020 θεὸν

77 2143 78 2146 ¹
158 2056 219 2139 οάχ
249 2055 292 2134 ἀς
326 2055 402 2121 θεόν
435 2055 532 2132 ἰδών,
562 2056 629 2118 ἀλλ’
669 2052 713 2131 ὥς
736 2052 907 2141 ἄνθρωπον
938 2058 1084 2143 θρέψας·
1137 2055 1173 2133 ἀς
1201 2056 1256 2121 καί

77 2217 78 2236 ,
159 2148 312 2248 ἐπῃνέθη,
337 2158 426 2245 φησί,
450 2156 623 2239 σεβασθείς
644 2154 763 2221 όπόσον
786 2157 957 2243 κατέλαβε.Ῠ
992 2157 1048 2221 καί
1067 2154 1147 2240 μετά
1168 2156 1255 2221 πλεί-

77 2243 78 2248 ¹
157 2282 254 2335 στοας
278 2255 394 2333 ἀλλους
410 2248 543 2340 ὕστερον
558 2258 701 2321 Μανωέ·
726 2254 761 2332 ἀς
781 2257 837 2321 καί
860 2256 1059 2321 ἀπολωλέναι
1074 2257 1151 2339 ἐβόα
1176 2255 1257 2320 διότι

77 2423 78 2428 ,
158 2358 236 2424 θεόν
256 2352 406 2444 ἑόρακεν,
429 2356 475 2433 ἀς
496 2356 533 2421 oui
552 2360 702 2442 χωρητῆς
725 2356 908 2443 ἀνθρώποις
923 2354 1027 2443 οόσης,
1053 2358 1159 2444 φησίν,
1183 2355 1257 2421 οόδὲ

108 2480 149 2538 20
160 2462 339 2548 φαντασίας
360 2459 462 2535 θείας,
482 2456 527 2542 μη
550 2456 599 2523 ότι
621 2457 757 2544 φόσεως.
796 2460 836 2521 δι’
861 2458 1053 2544 αἰνιγμάτων
1077 2461 1106 2522 δ’
1129 2451 1184 2521 οὖν
1202 2453 1258 2541 την

159 2564 201 2626 δι’
224 2561 415 2647 ἀνειράτων·
459 2557 607 2644 ἀλαμπης
626 2561 688 2646 γάρ
709 2585 756 2635 τις
778 2557 941 2644 αὕτηναί
963 2560 999 2624 oui
1021 2559 1104 2624 πάνυ
1124 2585 1155 2624 τι
1176 2558 1257 2644 πρό-

159 2666 271 2750 δηλος·
315 2661 371 2726 καί
391 2659 453 2747 γάρ
479 2663 519 2724 δι’
556 2657 661 2726 ἀλλων
683 2657 763 2727 ἀλλα
788 2662 1017 2744 συμπλέκουσα
1039 2659 1095 2725 καί
1118 2659 1258 2745 συγκρό-

156 2787 290 2840 πτουσα,
311 2761 402 2848 νέφει
420 2762 482 2826 τινί
504 2761 741 2845 καλυπτομένην
762 2760 922 2847 ἀσαφείας
935 2761 1072 2848 παρέχει
1083 2785 1139 2845 την
1154 2762 1171 2824 δ
1185 2760 1256 2822 ’λω-

157 2888 217 2928 σιν.
271 2854 315 2928 ὧν
343 2864 400 2928 καί
427 2869 570 2928 πλεῖστοι
600 2863 660 2944 μὲν
690 2863 795 2949 ἕτεροι
820 2863 955 2948 κήρυκες
985 2861 1149 2945 ἀψευδεῖς,
1167 2856 1320 2952 αλλάη

156 3153 346 3223 proprietatem
366 3155 436 3208 diota
455 3163 525 3221 sunt,
545 3155 664 3226 quaiiaa
681 3153 760 3208 uobis
778 3153 827 3208 illa
842 3155 894 3207 iam
912 3155 1016 3226 prolata
1030 3163 1100 3222 suut,
1121 3161 1148 3208 et
1169 3171 1254 3226 quae.

79 3234 80 3263 i
158 3242 262 3294 cunque
282 3233 343 3278 sunt
361 3227 468 3291 similia,
490 3227 549 3278 dioo
569 3237 655 3279 autem
675 3228 756 3279 illud:
775 3227 882 3279 locutus
903 3229 1083 3280 sitdominus
1103 3228 1136 3278 ad
1155 3227 1254 3280 Mosem

157 3297 189 3351 do
209 3299 308 3350 faciem·
322 3298 355 3350 ad
375 3297 470 3349 iaciem
486 3335 494 3361 ‚
513 3307 542 3350 ut
560 3299 582 3350 si
604 3300 649 3367 qui
668 3315 726 3350 oum
744 3301 830 3350 amico
850 3299 884 3352 de
905 3314 952 3350 ore
971 3300 1003 3350 ad
1023 3314 1053 3350 os
1080 3297 1208 3367 loquitur,
1227 3300 1255 3350 iu

157 3371 258 3438 speeie,
277 3384 331 3420 nou
351 3385 399 3436 per
418 3371 575 3440 aenigmata.
615 3378 642 3420 et
661 3385 769 3422 rursus:
796 3380 873 3422 mous
893 3371 965 3422 Siuui
984 3367 1110 3434 fumabat,
1130 3370 1255 3438 quoniam

80 3476 81 3479 =
157 3441 221 3494 (leus
240 3457 289 3507 per
307 3442 385 3509 ignes
403 3442 431 3492 iu
451 3458 508 3492 eum
528 3441 715 3492 descendebat.
753 3449 780 3493 et
799 3441 880 3494 alias:
899 3444 1005 3509 species
1024 3441 1131 3494 divinae
1150 3440 1254 3510 gloriae

159 3519 199 3564 est
214 3514 285 3580 ignis
304 3512 394 3580 fulgor
412 3515 446 3564 de
466 3515 569 3564 vertice
588 3515 684 3564 montis
703 3513 830 3564 adversus
850 3511 920 3564 iiiios
944 3511 1037 3565 Israel.
1075 3511 1158 3563 multa
1179 3512 1254 3562 eius.

157 3583 226 3633 modi
255 3599 438 3654 quaecumque
464 3593 552 3636 creata
571 3592 652 3647 suut,
674 3600 732 3636 oum
757 3585 877 3635 increata
904 3585 947 3636 (λεί
972 3585 1089 3635 essentia
1114 3581 1254 3634 conciliari
1333 3626 1336 3630 .

157 3654 264 3704 minime
283 3653 357 3704 lieet.
394 3657 426 3706 ad
447 3655 637 3722 discipulorum
655 3655 847 3706 iustitutionem
869 3655 1057 3718 uou'iuutile‚
1078 3655 1156 3704 immo
1176 3667 1253 3721 quam

81 3754 82 3763 ι
158 3723 325 3775 utilissimum
345 3732 394 3777 est.
432 3728 524 3778 omitto
553 3741 652 3777 vocare
675 3727 865 3794 prophetarum
892 3725 975 3777 verba
1001 3728 1028 3776 in
1048 3726 1139 3792 speeie
1163 3725 1206 3776 dei
1227 3733 1253 3777 ot

81 3820 82 3827 1
159 3794 313 3862 angelorum
333 3812 391 3846 cum
415 3796 566 3849 homiuibus
591 3799 823 3848 conversationem
850 3796 999 3862 sensualem
1024 3804 1051 3848 et
1077 3794 1252 3864 vigilantibus

81 3898 82 3907 ι
159 3863 213 3917 illis
233 3875 416 3934 apparentem.
454 3883 522 3935 quae
537 3869 643 3936 quidem
655 3868 769 3921 Abraam
791 3870 907 3937 contigit
926 3869 1090 3936 quiprimum
1104 3867 1180 3918 deum
1198 3881 1252 3918 noo

159 3937 233 3988 deum
252 3938 329 4002 vidit,
348 3939 395 3990 sed
414 3946 443 3989 ut
462 3939 594 3988 homiuem
612 3940 640 3989 iu
660 3939 803 4005 hospitium
815 3939 928 4004 recepit.
967 3947 993 3990 ot
1015 3938 1135 3990 laudatus
1156 3943 1196 3990 est
1218 3935 1252 3988 ob

158 4010 336 4060 reverentiam
355 4024 406 4076 qua
428 4025 487 4060 eum
506 4010 618 4074 recepit.
657 4019 684 4061 et
701 4017 808 4076 praeter
832 4009 976 4076 permultos
995 4007 1064 4061 alios
1082 4017 1175 4076 postea
1194 4009 1253 4062 iia.

158 4093 208 4130 noe
227 4094 257 4130 se
276 4080 351 4146 perdi
369 4079 508 4143 clamavit,
529 4081 598 4146 quod
619 4081 696 4130 deum
716 4081 837 4131 vidisset.
857 4095 911 4132 nou
930 4081 962 4132 ad
984 4081 1118 4131 hominum
1138 4087 1252 4147 captum,

159 4151 251 4219 iuquit,
270 4160 331 4220 apta
351 4159 391 4203 est
408 4153 452 4202 dei
463 4152 592 4218 cognitio,
610 4153 705 4201 nedum
720 4159 823 4216 natura,
843 4153 890 4203 sed
909 4167 957 4220 per
976 4153 1137 4203 somniorum
1156 4152 1253 4219 aenig-

158 4231 238 4289 mata,
268 4223 335 4281 haeo,
361 4223 430 4274 euim
461 4221 524 4273 luce
544 4223 734 4289 quodammodo
762 4231 788 4273 et
804 4223 925 4274 claritate
950 4223 1075 4275 destituta
1096 4231 1136 4274 est
1154 4223 1253 4295 quippe

160 4311 224 4368 quae
242 4295 322 4348 aliam
340 4293 394 4347 aiia
413 4295 573 4364 implicatam
588 4293 686 4346 nebula
708 4293 876 4348 obscuritatis
891 4293 1096 4364 expiieatiouem
1116 4293 1251 4364 praebeat·
