3184 5100
338 360 416 443 tet
643 369 871 443 mansoni
899 363 1132 439 onueoata

339 533 486 622 δακρόων
508 529 595 615 ἀξιος
626 537 752 601 πολλῶν
771 534 831 620 μὲν
853 534 987 611 ἐκεῖνος,
1009 528 1163 597 πλειόνων
1185 531 1212 595 δ’
1238 524 1274 592 οἳ
1291 525 1456 611 καθάπερ

339 636 475 723 δεσπότῃ
513 637 694 718 πείθονται,·
725 631 778 723 ἀρ’
802 634 858 701 οάκ
890 630 1063 721 ἀργαλέον,
1092 627 1173 695 κατὰ
1200 626 1256 695 τόν
1287 628 1454 717 φάμενον,

337 741 471 823 πρᾶγμα
492 738 598 816 ἐστίν,
630 731 719 823 σόγῆ
750 737 807 803 καί
828 734 906 822 ἥλιε,
930 733 1062 809 δούλους
1089 729 1241 817 γενέσθαι
1261 753 1453 817 παραφρο-

269 840 462 915 μνοῦντος
491 838 668 919 δεσπότου,·
702 839 731 903 εἰ
764 837 800 904 δι’
820 839 920 917 τιςέξ
955 833 1099 919 ἀμαθίας
1119 830 1322 917 κεκινημένος
1348 828 1453 894 οιάτὸν

337 931 445 1027 ἑαυτῷ
464 940 519 1006 τόν
542 939 631 1027 ἀγιον
651 942 707 1007 νῦν
726 941 787 1025 μὲν
808 944 994 1026 συμφωνεῖν
1015 937 1070 1001 νῦν
1093 938 1122 1001 δ’
1137 935 1373 1000 ἐναντιοῦσθαι
1395 931 1471 1000 λε’-5

222 1058 227 1106 ξ
318 1065 397 1127 ,γοι,
418 1040 463 1109 δι’
496 1040 562 1109 ἀνω
581 1044 641 1127 μὲν
660 1039 700 1106 “ό
721 1036 928 1128 ἓωρόκαμεν”
957 1037 1046 1125 ἔλεγε
1063 1035 1141 1102 “και“
1162 1034 1196 1101 αἱ
1215 1041 1328 1121 χεῖρες
1351 1030 1451 1117 ἡμῶν

336 1143 581 1231 ἐψηλάφησαν,”
602 1143 658 1210 καί
675 1140 717 1209 “si
737 1143 829 1229 λόγος
849 1144 905 1227 τῆς
928 1140 1011 1225 ζωῆς
1042 1136 1234 1226 ἐφανερώθη
1256 1133 1369 1221 ἧμΐν,”
1393 1135 1451 1198 κατ’

239 1311 244 1322 ,
334 1238 375 1307 “ό
396 1236 585 1329 ἑωράίαμεν
617 1242 870 1331 καταγγέλλομεν
891 1238 994 1325 όμῖν,”
1011 1239 1077 1304 ,καί
1097 1236 1159 1307 όσα
1181 1237 1336 1323 περὶτῆς
1362 1233 1448 1323 ἆρα-

233 1334 238 1342 ’
334 1345 392 1428 τῆς
411 1346 469 1408 τοῦ
489 1345 604 1431 κυρίου
626 1344 823 1432 θεοφανείας
853 1343 949 1410 δίεισι
969 1340 1023 1409 τόν
1054 1339 1344 1427 ἀνθρωπικώτερον
1368 1339 1448 1425 τρό-

336 1468 406 1525 πον,
426 1444 536 1532 βραχὺ
558 1449 588 1512 δ’
611 1445 720 1513 ἔπειτα
741 1442 950 1532 παρακατιιόν
978 1430 1072 1530 ἕτερα
1092 1443 1152 1527 μὲν
1185 1438 1338 1519 διεξιέναι
1372 1438 1481 1505 ἔδυ-10

334 1550 396 1625 ξεν,
417 1547 548 1624 ἐκείνοις
576 1549 607 1613 δ’
637 1541 694 1612 σόν
715 1545 946 1632 παραπλήσια,
969 1537 1017 1623 οἷς
1046 1539 1142 1609 ‘titos
1177 1540 1281 1617 οὐδεὶς
1316 1535 1448 1628 ἓοόρακε

308 1644 481 1711 ’ποόποτε”
512 1646 791 1733 εὐαγγελιζόμενος
821 1647 1054 1734 ἀποφαίνεται,
1084 1643 1130 1730 μὴ
1150 1643 1207 1709 τοῦ
1230 1642 1324 1727 ἀγίου
1350 1642 1448 1724 διχό-

206 1746 424 1815 ¹·2³³¹·rosoe·
452 1746 731 1834 καταψηφιζέσθω
743 1797 753 1828 ,
784 1747 853 1813 ἀλλ’
884 1741 1001 1813 ἑαυτοῦ
1034 1747 1157 1831 μᾶλλον
1179 1744 1374 1821 ἀσθενειαν,
1400 1741 1448 1809 ότι

333 1845 380 1932 μὴ
400 1851 592 1935 θεοπρεπῶς
610 1847 653 1914 τά
667 1852 744 1914 θεῖα
759 1852 898 1936 διαιρεῖν
914 1848 1052 1927 δόναιτο,
1072 1845 1151 1932 μήθ’
1175 1842 1237 1913 όσα
1248 1845 1332 1928 μήθ’
1355 1842 1448 1919 ὅπως

272 2007 278 2025 ,
334 1949 487 2036 περὶτῆς
508 1947 626 2037 όρατῆς
653 1952 712 2015 τοῦ
731 1951 848 2037 κυρίου
870 1949 1065 2036 θεοφοινείας
1098 1945 1128 2013 οἱ
1157 1943 1247 2033 ἀγιοιΙ
1273 1946 1449 2032 διαφόρως
1458 1958 1481 2011 15

303 2082 308 2089 ·
337 2049 558 2136 ἀπεφήναντο,
579 2050 662 2135 μήθ’
692 2048 755 2117 όσα
783 2050 935 2138 περὶτῆς
967 2049 1113 2115 ἀκτίοτοο
1134 2071 1169 2113 τε
1198 2046 1255 2111 καὶ
1274 2048 1448 2132 μακαρίας

248 2233 251 2239 ¹
336 2151 434 2219 αάτοῦ
454 2150 601 2238 φόσεως,
630 2151 780 2239 καθάπερ
814 2152 848 2215 ἐν
877 2149 1069 2241 πολυφωνίᾳ
1097 2150 1263 2234 μουσικῶν
1284 2144 1446 2231 όργάνων,

334 2255 416 2337 μίαν
435 2255 494 2317 τοῦ
513 2253 657 2334 τεχνίτου
680 2255 760 2317 θεοῦ
787 2251 845 2339 τὴν
877 2252 1065 2339 ἐναρμόνιον
1091 2248 1205 2335 τέχνην
1224 2247 1282 2313 καί
1305 2250 1447 2332 δύναμιν

270 2356 325 2411 ⁸3
337 2354 525 2437 ἐμπνέοντός
544 2377 579 2419 τε
601 2355 657 2419 καί
671 2356 868 2441 ε’νηχοάντος.
911 2351 1042 2439 συνήσὲι
1062 2354 1103 2433 δ’,
1116 2346 1216 2436 οἶμαι,
1238 2350 1295 2416 καί
1318 2352 1349 2415 εἰ
1373 2350 1446 2416 λίαν

336 2452 386 2540 εἴη
407 2453 534 2538 νωθρός
555 2457 612 2521 καί
633 2455 760 2543 εὐήθης,
781 2456 838 2543 τὴν
867 2455 994 2543 γνιόμην
1014 2456 1189 2524 Διονυσίου
1211 2452 1477 2538 καθαρότερόνιθ

334 2558 446 2621 τεκαὶ
474 2557 636 2642 ἀποτάδην
667 2557 790 2625 ἀκοόων
814 2560 981 2637 διεξίοντος
1007 2558 1119 2624 ταυτί·
1176 2556 1348 2621 καὶτοῦτο
1371 2557 1445 2640 γάρ,

336 2650 447 2740 οἶμαι,
470 2659 571 2744 φησί,
592 2657 651 2744 τὴν
671 2660 841 2746 θεολογίαν
862 2659 1077 2739 αἰνιστεσθαι,
1105 2657 1162 2743 τὴν
1180 2660 1244 2724 τάν
1257 2661 1445 2744 προφητῶν
1501 2725 1502 2728 ,

336 2759 468 2844 δηλαδή,
490 2755 526 2824 τό
548 2760 583 2825 ἐκ
603 2763 661 2828 τοῦ
673 2762 816 2849 κρυφίου
837 2758 892 2826 τόν
914 2757 1105 2849 όπεροόσιον
1117 2761 1163 2838 εἰς
1176 2757 1233 2846 τὴν
1254 2761 1332 2822 καθ’
1355 2755 1445 2843 ἡμᾶς

404 2917 449 2970 21.
468 2919 500 2974 ἐκ
516 2916 564 2991 τῆς
581 2915 654 2993 πρὸς
674 2921 762 2978 Γάιον
779 2923 928 2990 επιστολητ
945 2925 1048 2996 κρίκοι·

336 3074 396 3114 eam
413 3070 539 3133 tanquam
563 3067 752 3134 imperatorem
777 3066 946 3137 sequnntur?
986 3081 1079 3120 nonus
1101 3065 1184 3136 igitur
1201 3079 1256 3117 non
1278 3063 1444 3118 ferendum?

333 3147 426 3186 nonus
446 3151 526 3205 quum
554 3153 599 3190 res
616 3138 656 3191 ita
672 3155 703 3193 se
721 3139 838 3205 hebent,
863 3140 968 3192 insania
993 3153 1042 3206 per
1066 3146 1164 3190 terram
1184 3145 1217 3189 et
1229 3135 1331 3200 solem,
1351 3137 1442 3189 insani

334 3205 435 3258 domini
454 3222 549 3261 servos
567 3209 649 3262 fleri?
699 3212 723 3264 si
751 3213 812 3280 quis
836 3219 924 3263 autern
945 3211 1088 3263 inscientia
1112 3211 1205 3262 duetus
1224 3215 1345 3260 sanctum
1362 3208 1443 3260 illurn

334 3275 387 3329 sibi
405 3280 483 3331 modo
499 3288 623 3332 constare
641 3283 720 3333 modo
738 3297 793 3334 non
812 3290 936 3335 constare
955 3284 1067 3346 dixerit,
1088 3282 1159 3349 quod
1173 3295 1252 3348 supra
1271 3279 1356 3331 dixit:
1376 3281 1442 3340 „vi.

334 3347 438 3401 dimns’'
468 3357 497 3401 et
528 3366 637 3417 „manus
662 3360 772 3405 nostrae
794 3369 855 3405 eum
881 3354 1047 3423 ιειίρετιιιιιΗ
1071 3361 1098 3405 ει
1116 3351 1244 3419 „verbum
1267 3352 1342 3403 vitae
1360 3351 1442 3402 nobis

333 3422 476 3487 apparuit’
497 3430 524 3473 et
542 3424 630 3491 „quod
649 3424 763 3476 vidimus
786 3426 815 3477 id
834 3424 912 3478 vobis
930 3425 1091 3478 referimus’'
1117 3432 1144 3476 et
1170 3437 1347 3492 quaeeunque
1368 3424 1441 3474 visi.

335 3489 418 3542 bilem
442 3492 543 3544 domini
568 3495 810 3548 manifestationem
839 3499 943 3549 ratione
966 3497 1081 3565 quadam
1106 3497 1139 3549 ad
1166 3495 1301 3546 hominum
1333 3501 1441 3560 captum

334 3564 1243 3708 tfrssftttttttr‘atttriti-’tiit‘titi‘ttiiitt
1257 3564 1440 3688 tutti?

872 3675 880 3704 ‚
1425 3669 1440 3683 .

336 3719 415 3770 quam
433 3721 483 3774 ρτο
503 3716 578 3760 oerto
598 3709 753 3775 ooniirm'at3
773 3712 797 3764 is
815 3723 870 3762 non
889 3713 975 3763 sancti
990 3711 1066 3764 illius
1085 3711 1283 3780 ambiguitatem
1297 3715 1439 3775 coarguet,

335 3776 384 3825 sed
402 3791 475 3829 snam
502 3781 591 3846 potius
614 3783 765 3834 tarditatem
789 3797 841 3851 qna
867 3783 958 3835 divina
987 3797 1041 3834 non
1072 3782 1152 3852 digne
1181 3779 1318 3848 explicare
1343 3780 1438 3846 possit,

335 3859 388 3896 nee
407 3863 477 3915 quaa
495 3866 548 3901 neo
566 3854 698 3920 quomodo
717 3855 752 3905 de
770 3853 887 3906 visibilia
908 3855 1005 3906 domini
1024 3853 1240 3906 manifestatione
1257 3851 1344 3903 saneti
1363 3853 1439 3902 varie

335 3916 541 3986 disputaverint,
560 3939 612 3976 neo
631 3939 701 3993 quae
718 3927 752 3977 de
770 3926 890 3990 increata
909 3935 936 3979 et
956 3927 1035 3978 beata
1055 3925 1130 3978 illius
1149 3931 1257 3987 natura,
1280 3923 1351 3974 sicut
1370 3937 1438 3972 con.

337 3989 428 4038 oentni
441 3993 602 4045 musicorum
615 3996 851 4050 instrumentorum
865 4005 989 4068 tanquam
1004 3997 1101 4050 artifex
1113 3995 1267 4047 harmoniae
1284 3994 1338 4045 vim
1357 4001 1438 4060 atque

336 4064 420 4110 artem
447 4061 539 4114 afflatu
567 4067 680 4132 quodam
704 4082 754 4119 suo
774 4069 896 4135 inspirat.
934 4071 1004 4137 quod
1023 4069 1112 4136 capiet
1138 4068 1198 4134 quis
1217 4065 1297 4117 credo
1317 4065 1437 4131 quamvis

335 4129 411 4181 tarda
429 4140 457 4183 et
473 4134 612 4188 imbecilla
630 4145 720 4189 mente
740 4155 820 4209 qaum
839 4139 997 4207 Dionysium
1024 4140 1130 4207 planius
1150 4147 1177 4190 et
1196 4137 1308 4190 insede
1329 4137 1371 4188 his
1392 4151 1438 4186 re.

334 4199 384 4254 bns
403 4201 579 4258 disserentem
599 4209 729 4261 audierite
749 4211 884 4277 „arbitror
905 4211 957 4262 hoe
983 4212 1062 4262 etiam
1084 4225 1234 4264 sermonem
1254 4209 1375 4262 divinum
1394 4207 1438 4258 in.

333 4273 452 4342 νίσσετο,
475 4291 572 4345 nempe
598 4279 804 4347 prophetarum,
823 4299 857 4335 ex
882 4283 971 4336 obdito
995 4281 1278 4350 suprasuhstantiaiem
1305 4279 1383 4332 ilium
1410 4280 1437 4332 in
