3184 5100
339 407 410 480 100
642 401 867 471 ulcuaflom
904 397 1136 467 GREGORAE

334 575 373 638 δ’.
391 571 509 636 οὑτωσί
537 566 573 633 τὸ
606 569 741 650 συμβάν.
805 570 977 648 πρεσβείαν
1011 562 1114 629 druis
1149 563 1335 644 Τριβαλλῶν
1371 559 1434 644 πρδ

230 694 246 760 ἢ
333 675 471 757 βραχέος
494 666 619 753 ἡγεμών
642 671 830 754 ἐπεπόμφει,
850 666 931 751 πρδς
953 665 1056 760 γάμου
1077 668 1175 750 ζητών
1196 669 1360 727 κοινωνίαν
1375 688 1436 726 συ-

218 845 223 860 ,
288 764 293 780 ’
333 771 435 854 νιέψοιι
452 773 507 855 την
531 767 650 834 ἑαυτοῦ
673 771 839 856 θυγατέραι
852 771 915 831 ταῖν
935 769 992 831 τοῦ
1004 765 1163 846 Ὑρκανοῦ
1177 762 1291 828 τούτου
1313 763 1437 828 παίδων

331 867 388 954 ἐνί,
411 871 462 936 ίνα
484 871 666 954 συγγενικῆς
689 871 829 951 σχέσεως
859 866 916 942 τοὶς
936 866 1056 948 μεταξύ
1088 863 1228 941 σπονδαῖς
1249 865 1436 947 ἐρειδοδσης

331 972 549 1055 μονιμώτερον
571 973 609 1057 τῇ
631 971 694 1034 τών
722 971 908 1050 Τριβαλλῶν
935 969 1086 1032 ἐντεῦθεν
1109 964 1158 1050 εἴη
1179 966 1270 1051 χώρα
1290 963 1325 1030 κδ
1350 959 1463 1049 ‹ipo-5

253 1079 401 1157 ,ηβσπ
445 1073 478 1146 ἐς
499 1076 632 1137 τοσοῦτο
651 1067 712 1154 γαρ
736 1068 753 1132 o‘
774 1073 941 1152 βάρβαρος
964 1059 1054 1144 οὗτος
1076 1059 1160 1152 ἦρθη
1182 1065 1346 1148 δυνάμεως
1361 1065 1436 1146 Ὑρ-

333 1172 448 1256 κανός,
480 1172 524 1248 ώς
551 1169 595 1255 μή
627 1171 732 1252 μόνον
755 1167 1048 1256 Μακεδονίανκαί
1069 1169 1199 1256 Θρᾴκην
1232 1166 1288 1232 καί
1306 1165 1380 1241 τοίς
1402 1170 1435 1230 ἐν

335 1273 446 1365 Θρηίκη
471 1275 638 1358 ληίζεσθαι
654 1271 837 1354 Ῥωμαίους
858 1274 915 1335 καί
936 1269 1074 1344 Μυσούς
1103 1270 1216 1349 οἷδίώς,
1239 1262 1300 1353 ἤδη
1322 1270 1357 1332 δέ
1381 1272 1438 1333 καί

337 1381 524 1459 Τριβαλλοῖς
555 1372 677 1458 μακρὸν
705 1376 834 1454 ἐνέβαλε
863 1374 950 1464 dtur,
972 1375 1121 1453 πολέμιον
1144 1370 1222 1434 arins*
1249 1371 1305 1452 της
1323 1367 1435 1451 χώρας

333 1475 461 1543 ἐκείνων
483 1473 649 1556 ἐκπέμπων
672 1473 818 1558 στρατόν,
840 1479 894 1540 καί
914 1477 1061 1558 πλείστην
1087 1475 1208 1538 ἐκεῖθεν
1234 1469 1437 1553 ἐπαγόμενος,
1446 1478 1482 1532 10

333 1573 430 1642 ὁπότε
452 1577 614 1660 βούλοιτο,
636 1579 735 1640 λείαν.
785 1572 840 1660 την
863 1575 902 1657 δη
924 1570 1073 1656 τοιαύτην
1092 1573 1237 1653 οἷσμένως
1267 1571 1285 1634 u‘
1308 1567 1436 1654 βάρβα-

333 1701 388 1762 ρος
405 1681 589 1761 δεδεγμένας
610 1677 798 1760 πρεσβείαν,
821 1675 926 1755 δεξιάν
950 1699 982 1740 τε
1011 1671 1188 1760 ἐπεπόμφει
1206 1675 1361 1754 σπονδῶν,
1383 1673 1438 1738 καί

332 1775 399 1862 ἅμα
421 1779 497 1853 τούς
517 1777 550 1842 τὸ
571 1780 664 1863 κῆδος
684 1773 921 1859 βεβαιώσαντας
937 1780 1094 1856 πρέσβεις.
1138 1778 1193 1839 καί
1212 1776 1271 1852 μὲν
1296 1771 1335 1856 δη
1359 1773 1436 1838 τοδ-

331 1904 397 1958 τοις
417 1881 604 1963 ἐνεδρεύσας
639 1879 805 1942 ἐπανιοῦσι
834 1873 917 1958 μετὰ
952 1878 1169 1958 Τριβαλλικών
1197 1878 1360 1956 πρέσβειον
1382 1877 1439 1938 καί

333 1982 444 2064 δώρων
465 1983 603 2063 συχνών,
625 1982 700 2063 περί
712 2001 773 2042 που
794 1975 851 2053 τας
865 1982 924 2042 τοῦ
940 1973 1124 2043 Ῥαιδεστυῦ
1141 1975 1315 2060 παρόδους,
1338 1973 1354 2038 δ
1380 1977 1437 2039 τοῦ
1448 1986 1483 2041 15

224 2158 228 2168 Ι
331 2087 488 2166 βασιλέως
504 2079 557 2146 ἐπί
568 2080 707 2164 θυγατρί
721 2079 875 2164 γαμβρός,
890 2079 906 2143 δ
923 2082 982 2144 τοῦ
993 2080 1057 2144 τών
1068 2081 1227 2145 Αἰτωλῶν
1241 2081 1297 2142 καί
1317 2077 1436 2160 Ἀκαρ-

332 2180 436 2248 νάνων
457 2175 607 2263 ἄρξαντος
631 2181 755 2246 Κόννου
772 2181 872 2245 πάλαι
894 2189 978 2260 παῖς,
995 2177 1032 2243 τοὶ
1055 2183 1114 2259 μὲν
1138 2181 1226 2263 δοῦρα
1250 2180 1355 2243 ἐκεῖνα
1377 2183 1435 2264 λη-

332 2281 540 2368 στρικώτερσν
554 2280 710 2364 διήρπασε
730 2279 854 2366 τρόπον,
874 2284 937 2347 τών
959 2285 994 2346 δὲ
1015 2286 1178 2364 πρέσβεων
1194 2275 1248 2355 οὓς
1269 2280 1329 2360 μὲν
1353 2279 1434 2344 α’πέ·

228 2426 237 2449 l
333 2405 449 2447 κτεινεν
471 2382 504 2460 ἐξ
524 2382 657 2468 ἐφόδου,
678 2379 734 2459 οὓς
759 2385 786 2446 δ’
808 2382 978 2467 ἐζώγρησε.
1021 2381 1077 2446 καί
1099 2374 1137 2465 ἦν
1159 2373 1255 2457 αὖθις
1268 2385 1323 2445 καί
1342 2384 1435 2446 τοῦτο
1513 2410 1514 2445 ι

333 2481 498 2569 προσθήκη
521 2481 608 2567 δεινίη
633 2487 672 2571 τῇ
693 2487 754 2548 τών
775 2480 987 2566 ταλαιπώρων
1013 2481 1093 2571 τύχη
1108 2482 1284 2566 Ῥωμαίων.
1308 2477 1351 2558 ώς
1373 2481 1483 2566 γάρλθ
1513 2484 1514 2493 ’

331 2588 488 2669 χειμῶνος
504 2588 537 2649 ἐν
562 2578 710 2673 θαλάσσῃ
733 2586 883 2667 κυμάτων
909 2585 1152 2668 ιίλλεπαλληλων
1173 2588 1312 2667 πλῆθος,
1336 2580 1437 2659 οὕτως
1513 2629 1514 2680 η

334 2680 411 2755 ἄλλο
430 2686 479 2749 ἐπ’
498 2680 605 2762 ἄλλοις
627 2689 681 2751 αέί
697 2686 864 2751 κάνταῦθα
880 2692 1053 2769 συμπίπτει
1067 2682 1348 2771 δυστύχημα·,καί
1363 2688 1438 2769 πρίν

333 2784 505 2874 τοὶπρώτα
539 2790 717 2873 δυνηθῆναι
746 2788 938 2873 θεραπεύειν
964 2784 1128 2871 ὁπωσοῦν,
1162 2784 1256 2872 ὁτῆς
1275 2786 1438 2872 ἁμαρτίας
1483 2803 1489 2811 ·

337 3123 389 3179 que
409 3108 515 3163 barbari
531 3124 628 3165 moreV
659 3108 699 3165 sic
725 3119 813 3163 autem
833 3126 864 3164 se
888 3126 932 3163 res
957 3093 1080 3163 habellat.
1124 3109 1230 3179 legatos
1248 3110 1357 3163 miserat
1375 3107 1436 3163 Tri.

335 3180 468 3235 bellorum
493 3183 617 3250 princeps
639 3183 720 3250 paulo
740 3190 816 3245 ante,
836 3184 881 3250 qui
905 3183 1066 3234 matrimonii
1094 3183 1293 3233 coaiuutiouem
1311 3190 1437 3249 peterent

336 3254 408 3305 inter
425 3253 506 3305 liliam
535 3262 615 3322 atque
641 3270 721 3306 uuum
743 3270 776 3306 ex
794 3254 911 3321 Hyrcani
931 3254 1010 3319 liliis,
1039 3262 1069 3305 ut
1087 3247 1225 3305 uiduitatis
1242 3253 1352 3306 vinculo
1372 3253 1436 3305 loe.

336 3325 400 3389 dus,
423 3325 582 3393 quodinter
607 3341 637 3377 se
656 3326 793 3390 fecerant,
823 3326 996 3377 confirmante
1022 3326 1186 3377 constantior
1210 3333 1282 3377 esset
1300 3324 1435 3377 Triballo.
1513 3321 1514 3328 ’

334 3412 392 3449 rum
412 3396 445 3447 ab
464 3395 513 3447 illa
531 3404 606 3463 parte
625 3398 764 3449 securitas.
810 3397 949 3463 Hyrcanus
975 3398 1044 3448 enim
1063 3396 1190 3449 barbarus
1214 3396 1247 3447 ad
1263 3404 1349 3447 tantus
1369 3410 1448 3465 opes¹
1474 3399 1480 3413 '

336 3475 447 3520 evectus
469 3475 535 3532 erat,
554 3475 583 3519 ut
601 3482 655 3519 nou
673 3470 751 3521 modo
778 3468 958 3522 Macedoniam
978 3476 1004 3520 et
1030 3468 1166 3520 Thraciam
1186 3469 1372 3535 Romanosque
1391 3476 1437 3519 at.

336 3553 389 3607 quo
399 3539 487 3605 llysos
506 3539 534 3589 in
545 3538 655 3591 lhracia
671 3538 821 3592 incolentes
835 3542 961 3592 audacter
979 3540 1161 3607 praedaretur,
1180 3556 1273 3609 vcrpm
1286 3540 1365 3590 etiam
1384 3540 1436 3590 iam
1513 3567 1514 3588 ι

315 3602 459 3663 'Triballis
477 3626 600 3679 maguum
629 3611 753 3663 inliceret
776 3612 913 3676 timorem,
945 3611 1038 3663 hostili
1065 3612 1093 3662 iu
1121 3625 1213 3663 eorum
1230 3610 1298 3662 lines
1317 3610 1436 3661 immisso

336 3682 458 3733 exercitu
477 3689 557 3750 atque
575 3684 697 3747 maxima,
717 3683 786 3733 unde
806 3682 902 3744 vellet,
921 3691 980 3734 acta
998 3683 1105 3749 praeda.
1144 3683 1192 3734 illa
1211 3696 1277 3736 vero
1297 3681 1437 3750 legatione

222 3781 225 3785 ·
334 3751 454 3820 benigne
480 3762 610 3821 excepta,
639 3756 684 3823 qui
713 3755 829 3807 foederis
854 3754 932 3806 iidem
953 3762 1040 3821 ‚atque
1064 3754 1219 3806 affinitatem
1239 3754 1436 3817 confirmarent,

337 3821 443 3890 legatos
463 3826 603 3877 confestim
629 3827 710 3877 misit.
757 3825 833 3877 hisce
865 3832 953 3876 autem
982 3842 1035 3877 uua
1060 3842 1119 3877 cum
1144 3824 1319 3878 Triballorum
1338 3824 1437 3894 legatis
1465 3828 1470 3851 ¹

337 3894 390 3945 iter
409 3893 569 3949 facientibus
588 3898 753 3965 maximaque
774 3898 844 3949 dona
862 3912 953 3949 secum
963 3897 1129 3965 portantibus
1149 3898 1220 3963 circa
1232 3895 1358 3949 llaedcsti
1377 3896 1438 3948 adi-

337 3971 393 4015 tum
412 3966 551 4017 insidiatus
570 3968 737 4035 imperatoris
755 3984 859 4037 gener,
883 3968 954 4022 lilius
975 3970 1099 4035 Comitis,
1126 3970 1172 4037 qui
1197 3968 1262 4020 olim
1285 3967 1391 4020 Aetolis
1412 3974 1439 4017 et

334 4036 519 4090 Acarnauibus
538 4038 753 4105 imperitarunt,
774 4041 843 4093 doaa
861 4040 973 4093 latronis
999 4056 1073 4092 mare
1098 4041 1226 4108 diripuit,
1245 4038 1351 4107 legatos
1369 4038 1438 4091 alios

336 4108 421 4175 primo
441 4108 541 4175 impetu
560 4112 673 4175 occidit,
699 4110 767 4164 alios
793 4113 872 4165 vivos
900 4115 981 4179 cepit.
1019 4112 1086 4162 haec
1110 4127 1154 4163 res
1180 4126 1272 4163 rursus
1296 4110 1439 4161 calamito-

336 4192 391 4232 sam
410 4181 592 4233 accessionem
615 4184 772 4233 miserorum
790 4183 969 4235 Romanorum
997 4182 1120 4233 fortunae
1140 4183 1269 4235 adiunxit.
1316 4190 1346 4234 ut
1368 4182 1440 4233 enim

336 4256 495 4318 tempestate
513 4254 542 4303 ia
561 4254 628 4305 mari
645 4261 737 4306 coorta
755 4253 882 4306 fluctuum
901 4255 1014 4305 aliorum
1033 4269 1114 4319 super
1132 4253 1200 4307 alios
1219 4256 1440 4308 coacervatorum

222 4376 226 4380 ,
336 4322 476 4396 tumulas,
501 4326 539 4381 ita
567 4326 645 4383 etiam
671 4324 715 4381 hic
751 4324 821 4381 aliae
851 4340 934 4401 saper
958 4324 1025 4383 alias
1047 4324 1143 4403 ‚clades
1171 4326 1303 4384 accidunt.
1348 4334 1439 4400 atque,
