3184 5100
278 398 502 499 mercuria
529 426 789 497 aminnium
798 422 924 497 mu.
940 409 1135 497 ar-tu
1187 414 1261 497 toi

162 590 202 657 τά
226 596 283 679 τῆς
302 598 469 677 μέμψεως,
492 595 525 657 όν
546 593 585 656 cd
605 598 706 679 xcrppi
729 593 935 675 βιασαμένων
956 594 1057 674 λέγειν
1079 588 1117 655 τό
1140 592 1179 679 τῇ
1198 586 1265 676 pd-

163 716 211 759 σει
231 698 292 775 μέν
314 695 445 777 καίρια,
479 685 569 757 οόπω
590 694 620 757 δ’
648 688 722 758 οὔτε
750 702 818 769 τοῖς
835 693 1060 776 ,καθεστηκόσι
1080 686 1281 778 πράγμασιν.
1356 721 1358 729 ’
1379 706 1397 759 l:

162 787 239 860 ὄντα
260 792 332 862 οὔτε
353 805 418 873 τοῖς
441 795 594 861 ἀκοόουσι
616 796 739 879 καίρια.
794 798 828 859 έν
849 790 909 879 γάρ
940 798 977 881 τῇ
999 795 1061 859 τάν
1084 792 1263 858 ἀκουόντων

126 966 133 977 Ι
160 896 268 986 γνυόμῃ
301 895 358 983 τήν
384 900 521 963 νικῶσαν
549 894 636 979 ἔχειν
667 899 868 975 πεπείσμεθα
895 900 1007 981 ψῆφον
1038 890 1080 969 τός
1099 890 1140 959 τό
1160 889 1261 958 πολλά

132 1003 304 1082 ὀκειμένιχν
324 997 380 1082 τὴν
402 1000 465 1063 τάν
483 997 635 1081 λεγόντων
656 996 820 1081 ἀλήθειαν.
1103 1010 1107 1019 ’
1147 1010 1151 1019 ’

260 1102 393 1163 Βέλτιον
414 1102 474 1179 μέν
495 1092 553 1161 υάν
577 1089 615 1183 ἦν
629 1092 669 1162 ἀν
691 1100 725 1162 ίν
744 1106 811 1173 τοῖς
824 1094 1091 1180 τοιοότοιςσεγάν,
1113 1095 1156 1171 σός
1181 1098 1328 1182 diei-29

161 1208 273 1287 ληπται
293 1226 301 1244 ·
325 1204 394 1267 ἀλλ’
420 1198 471 1265 ότι
495 1200 534 1284 δὴ
559 1202 776 1284 καίτῆςοιγῆς
798 1196 827 1265 ei
844 1199 950 1283 καιροί
970 1196 1026 1284 τήν
1047 1202 1110 1264 τάν
1131 1204 1263 1281 λεγομέ-

160 1326 222 1367 νων
237 1302 472 1384 ξενοδοχοάνιες
487 1293 569 1383 ἦσαν
590 1302 733 1381 ἀσμένως
753 1302 866 1389 φοράν,
888 1300 996 1365 arciori
1015 1296 1070 1381 τὴν
1085 1300 1261 1382 ἀναγκαίων
1311 1382 1313 1387 Ι

158 1406 214 1467 iuri
235 1406 337 1486 λέγειν
358 1400 561 1485 προόβαλλυν
586 1401 761 1489 πρόφασιν.
816 1401 884 1469 ἔστι
915 1406 975 1487 μέν
1004 1400 1065 1487 γάρ
1096 1405 1151 1467 καί
1170 1402 1262 1484 σιγῆς

112 1503 285 1600 ιοκαιρός,
319 1504 389 1568 ἀλλ’
410 1496 466 1568 ότε
486 1500 526 1587 δὴ
547 1505 639 1589 σιγῆς
671 1506 833 1585 δεομένοις
861 1507 1035 1589 ἀκροαταῖς
1062 1500 1259 1587 ἐντυγχάνοι,

159 1600 210 1670 ότι
233 1607 262 1671 d'
284 1598 382 1684 ἀξίοις
402 1604 457 1669 καί
475 1600 560 1669 πάνυ
580 1630 612 1672 τι
633 1604 799 1695 χρῄζουσι.
848 1606 920 1673 τότε
943 1609 972 1672 d'
992 1598 1052 1684 οάν
1073 1604 1129 1673 καί
1151 1602 1190 1670 τό
1211 1608 1259 1670 έν·
1332 1623 1334 1631 ’

158 1705 329 1789 δεχόμενον
349 1708 395 1784 είς
417 1704 474 1791 τόν
495 1709 551 1773 τοῦ
573 1707 747 1791 ἀναγκαίου
774 1716 891 1792 μοίραν
908 1711 1025 1796 σαφεῖς
1046 1708 1260 1791 ἀποκεκριμέ-

157 1830 219 1890 νον,
241 1811 356 1894 λέληθε
391 1806 450 1893 τόν
479 1812 538 1875 τοῦ
562 1809 773 1894 ἐνδεχομένου
806 1808 943 1893 δύναμιν
964 1809 1174 1890 ἀπολωλεκός,
1196 1806 1259 1871 ἀπό

155 1914 212 1993 τῆς
232 1906 370 1994 ἀνάγκης
391 1911 572 1976 καταποθέν
592 1906 635 1986 ἀς
655 1914 763 1977 εἰπεῖν.
807 1908 970 1978 ἀθανάτου
992 1910 1053 1996 γάρ
1074 1908 1127 1995 τῆς
1145 1909 1260 1992 ἡμετέ-

108 2029 214 2093 15ρας
235 2004 336 2099 οόυχς
359 2015 471 2095 ψυχῆς
501 2015 555 2076 καί
586 2012 779 2090 ἀθανάτους
801 2016 1007 2097 ἐκδεχομένης
1035 2012 1092 2087 τάς
1114 2013 1177 2076 τάν
1199 2034 1260 2077 πε-

156 2114 344 2196 πραγμένων
363 2118 478 2200 σαφιός
500 2111 638 2195 ἀμοιβάς
659 2116 693 2194 έξ
719 2113 865 2199 ἀνάγκης,
886 2118 941 2179 καί
967 2108 1034 2195 ἅμα
1055 2116 1133 2193 μιοῖς
1148 2116 1258 2195 ψυχῆς

153 2214 197 2295 μή
221 2206 301 2277 εἶναι
322 2211 376 2279 τόν
397 2213 503 2291 πάντα
520 2215 640 2297 κόσμον
657 2212 807 2294 ἀντάξιον
826 2218 881 2298 τῆς
902 2216 994 2291 θείας
1007 2213 1157 2299 λεγοόσης
1178 2238 1258 2297 γρα-

154 2318 229 2401 φῆς,
251 2320 318 2392 πῶς
342 2317 401 2379 ουίι
422 2320 592 2402 ἀναγκαῖον
613 2320 752 2383 ἐνταῦθα
772 2320 908 2401 γίγνοιτἸ
922 2310 961 2381 άν
992 2316 1048 2381 καί
1067 2314 1102 2380 τό
1127 2310 1259 2396 ε’νόεχό-

153 2438 273 2496 μενον;
310 2416 341 2481 εί
370 2414 431 2502 γάρ
461 2420 516 2502 ἀφ’
549 2418 625 2500 ἡμῖν
655 2417 711 2484 καί
741 2416 949 2501 ε’νόεχόμενυν
977 2417 1013 2483 τό
1037 2416 1149 2495 σοι’ζιιν
1170 2412 1257 2479 ἐστίν

105 2515 255 2602 αοαάτχῗν
275 2518 331 2584 καί
352 2522 445 2606 δόξης
465 2520 574 2588 ἀιδίου
597 2524 767 2606 προξένους
783 2521 864 2609 αὐτῇ
885 2524 1116 2600 καθίστασθαι,
1141 2519 1196 2586 καί
1212 2509 1264 2582 ad*
1297 2582 1303 2612 r
1343 2527 1347 2535 '

154 2619 335 2686 κου’νωντίυν
366 2627 513 2709 φθείρειν
544 2621 599 2686 καί
630 2626 759 2688 κολάσει
781 2627 1004 2706 παραπέμπειν
1036 2625 1164 2714 αἰωνίῳ,
1188 2619 1256 2683 ἀλλ’

152 2711 210 2784 σόν
232 2725 294 2787 τάν
317 2725 498 2807 ἀναγκαίων
520 2727 575 2790 καί
591 2725 676 2790 τοῦτ’
696 2719 736 2790 ἀν
756 2723 806 2811 εἴη
824 2724 969 2807 μάλιστα
983 2721 1102 2807 μεταξό
1119 2720 1164 2808 μή
1190 2749 1255 2787 πα-

151 2825 320 2907 ρατρέχειν
339 2827 481 2906 κείμενον
511 2823 549 2891 τό
579 2823 656 2892 κατά
686 2829 787 2914 φύσιν
818 2827 920 2892 εἰπεῖν
949 2826 1128 2908 ἀναγκαῖον.
1180 2817 1257 2887 όσον

149 2921 213 3008 γάρ
233 2922 267 2988 τό
292 2918 441 3011 φθείρειν
474 2931 536 2993 τάκ
557 2927 771 2994 ἀτοπωτάτων
800 2925 871 2994 dcci
898 2925 952 2992 καί
975 2923 1176 3010 παραλόγων,
1199 2946 1255 2990 τυ-
1357 2933 1362 2946 ’

148 3025 245 3104 υσότυΙ
265 3028 332 3090 τεόν
350 3023 532 3113 ἀναγκαίων
551 3026 587 3094 τό
610 3024 737 3108 στάζειν.
779 3018 804 3093 ἀ
823 3025 1110 3112 pervetustarum
1132 3021 1321 3106 πολλά-ω

148 3305 192 3343 me
212 3299 345 3361 cuperant
362 3291 453 3345 aliena
477 3301 600 3362 tempore
623 3293 714 3346 dicere
742 3309 774 3346 ea
795 3303 865 3363 quac
893 3308 943 3360 per
963 3309 993 3346 se
1013 3300 1163 3361 opportuna
1180 3299 1251 3357 sunt,

147 3363 197 3415 scd
214 3364 332 3416 nondum
350 3380 439 3434 neque
455 3379 505 3432 pro
522 3366 658 3433 praesenti
676 3381 765 3417 rerum
777 3366 932 3426 conditione
950 3381 1039 3434 neque
1057 3378 1105 3432 pro
1120 3363 1252 3416 audituri.

146 3435 198 3486 bus
217 3444 377 3503 opportuna.
424 3452 485 3489 nam
504 3437 701 3500 inauditorum
730 3437 859 3505 opinione
884 3439 1037 3490 vincentem
1056 3444 1156 3488 sortem
1174 3435 1251 3502 pcsi.

147 3513 202 3558 tarn
222 3523 282 3560 esse
301 3508 467 3574 arbitramur,
486 3510 524 3561 ita
543 3517 573 3560 ut
591 3524 673 3577 saepe
690 3509 784 3561 iaceat'
795 3509 942 3562 dicentium
961 3510 1071 3561 veritas.

247 3595 278 3647 ln
293 3595 334 3647 his
348 3598 431 3665 igitur
440 3596 537 3650 melius
557 3605 615 3650 erat
627 3606 657 3649 ut
667 3598 854 3663 iudicavimus,
873 3597 1009 3650 silentium
1023 3605 1127 3662 tenere,
1146 3596 1250 3665 quando

146 3664 256 3719 scilicet
273 3666 376 3720 silentii
395 3676 516 3736 tempora
535 3670 666 3737 dictorum
694 3670 749 3721 rim
767 3668 885 3721 libenter
915 3671 943 3721 in
965 3686 994 3722 se
1016 3670 1180 3736 reciperent,
1198 3663 1251 3720 nd-

145 3752 201 3804 que
220 3737 327 3788 dicendi
348 3742 529 3792 necessariam
551 3756 656 3793 causam
676 3740 861 3792 obtenderent.
909 3749 950 3794 est
969 3743 1039 3792 euim
1058 3739 1159 3792 silentii
1179 3748 1250 3791 tem.

143 3823 196 3874 pus
216 3817 404 3874 opportunum,
423 3811 469 3862 ubi
487 3812 623 3864 auditores
642 3811 748 3864 silentia
769 3819 868 3880 egeant
888 3811 970 3881 hique
992 3828 1025 3864 co
1054 3812 1127 3879 digni
1147 3812 1200 3863 sint
1223 3818 1251 3862 et
1334 3863 1342 3880 ,

143 3877 227 3929 valde
245 3880 271 3930 id
290 3882 408 3946 cupiant.
446 3898 498 3950 quc
519 3891 598 3949 pacto
617 3884 645 3934 id
666 3883 737 3950 quod
756 3882 860 3934 licitum
880 3892 938 3949 est,
958 3885 986 3936 in
1004 3884 1175 3935 necessitatis
1194 3883 1250 3935 vim

143 3947 232 4016 plane
248 3950 395 4002 seiunctam
414 3955 519 4018 transit,
540 3955 567 4006 vi
586 3954 655 4005 liciti
674 3954 778 4006 abiecta
796 3961 920 4023 tanquam
943 3971 958 4006 a
976 3956 1140 4007 necessitate
1160 3955 1249 4006 devo.

141 4027 211 4071 rata.
249 4036 329 4088 quum
357 4023 427 4073 euim
453 4026 540 4076 anima
565 4034 656 4077 nostra
674 4025 834 4077 immortalis
857 4027 892 4077 sit
915 4035 941 4078 et
967 4026 1130 4078 immortales
1156 4041 1249 4078 corum

141 4107 214 4160 quae
242 4101 359 4160 aguntur
387 4096 524 4146 contineat
548 4098 728 4161 necessitate,
752 4098 800 4148 uni
825 4112 891 4150 vern
919 4099 1023 4150 animae
1047 4100 1133 4166 ipsura
1164 4106 1248 4149 totum

139 4164 267 4215 mundum
286 4178 340 4215 nun
359 4167 583 4233 aequiparandum
614 4183 674 4221 esse
697 4183 774 4221 sacra
792 4169 932 4221 confirmet
958 4171 1107 4238 scriptura,
1127 4185 1174 4220 cur
1192 4183 1247 4222 non

138 4237 324 4287 necessarium
344 4237 390 4288 flat
408 4238 435 4288 id
453 4239 525 4307 quod
543 4238 647 4291 licitum
667 4248 717 4292 est.
756 4241 855 4292 etenim
870 4239 892 4293 si
910 4241 989 4294 nobis
1010 4242 1037 4293 id
1057 4241 1149 4293 iacere
1169 4239 1244 4306 licet,

138 4314 170 4358 ut
190 4323 248 4359 eam
266 4323 406 4360 servemus
436 4317 463 4363 et
491 4317 618 4363 aeternae
649 4310 754 4381 gloriae
772 4320 875 4365 tutores
904 4316 929 4364 ei
950 4315 1041 4378 rimus,
1062 4321 1089 4364 ct
1109 4312 1132 4364 si
1152 4311 1246 4362 horum

138 4380 304 4444 contrarium
323 4388 364 4432 est
381 4381 496 4449 perdere
516 4390 543 4434 et
558 4392 685 4436 aeternae
704 4399 809 4452 pcenac
827 4385 1017 4450 transmittere,
1036 4399 1101 4447 saue
1121 4381 1173 4434 hcc
1192 4399 1244 4434 ne.

189 4475 358 4546 Νίοεγλοειιι
378 4477 488 4548 (ἕτερον.
516 4477 570 4531 Vol.
590 4477 644 4534 111.
1025 4479 1060 4532 26
