3184 5100
258 416 479 489 numana
505 417 763 487 nunsunmn
781 418 932 486 xxxur.
952 398 1140 487 to-ts.
1198 376 1271 483 uos

76 586 80 613 ¹
176 584 316 671 ρυηκότα
336 584 392 651 καί
414 583 638 668 όποβλόσαντα
661 585 798 668 θολερός
829 582 885 648 καί
905 583 1023 665 πικρός
1043 582 1098 665 τῆς
1119 581 1182 643 τῶν
1203 577 1272 643 τότε

177 685 341 771 ἀρχόντων
360 689 559 772 τυραννίδος,
579 683 618 771 ἢν
638 708 673 750 τε
694 682 774 751 κατὰ
795 687 851 768 ’τῆς
869 681 1040 765 βασιλείας
1061 682 1117 745 καί
1133 678 1172 765 ἣν
1192 677 1287 759 ιιατόιΔ

76 806 77 817 ’
175 790 238 853 τῶν
260 788 359 853 θτίων
381 786 546 873 δογμάτων
579 786 766 871 ἐπήνεγκαν,
801 785 947 868 χειμῶνα
977 783 1032 847 καί
1061 779 1202 866 διωγμόν
1219 777 1274 845 τόν

177 888 357 974 βαρύτατον
379 890 556 975 ἐγείραντες
572 886 653 953 κατὰ
669 884 785 963 παντός
809 869 950 971 lyaeo&
995 886 1035 947 δι’
1058 881 1095 946 ἐν
1115 881 1171 945 καί
1190 878 1274 957 θεός,

150 984 279 1072 beluus,
300 990 357 1075 τὴν
377 984 493 1055 ἑαυτοῦ
512 987 691 1053 συνέστειλε
712 986 875 1073 πρόνοιαν.
917 984 1089 1049 κόντεῦθεν
1110 982 1195 1047 ἅπαν
1216 981 1275 1065 μὲν

180 1092 328 1167 παιόείας
352 1092 536 1176 ἐξελήλαται
554 1083 638 1166 sirloc
659 1090 714 1154 καί
738 1088 969 1173 όντέστραπται
997 1083 1078 1170 πρός
1096 1083 1276 1149 τοόναντῶν

181 1190 277 1277 ἀρετὴ
300 1192 355 1257 καί
377 1190 472 1267 εἴτις
494 1190 622 1267 ἔπαινος
643 1181 780 1276 ἀγαθοῦ·
816 1190 871 1253 καί
894 1188 1073 1253 ἐπεπόλασε
1095 1184 1176 1252 κατὰ
1196 1184 1275 1249 πόν-

178 1316 242 1357 των
264 1290 381 1373 σχεδόν
404 1291 595 1375 Ῥωμαίων,
631 1288 704 1355 όσω
734 1294 789 1375 τῆς
818 1289 891 1366 νίας
924 1290 986 1354 εἰσί
1011 1287 1189 1362 πολιτείας,
1211 1282 1276 1369 ἤθη

180 1390 275 1457 καιναὶ
296 1393 351 1457 καί
374 1391 527 1457 ἀλλόκοτα
552 1389 607 1456 καί
629 1391 755 1479 οόόαμῇ
787 1395 842 1475 τῆς
863 1390 939 1476 πρίν
959 1388 1128 1472 βασιλικῆς
1158 1385 1277 1468 ἐκείνης

134 1510 170 1563 10
181 1494 236 1559 καί
257 1497 419 1578 πολιτικῆς
441 1494 600 1569 συνέσεως
620 1493 674 1559 καί
694 1493 844 1568 παιόείας
862 1491 917 1555 καί
938 1489 1093 1567 εὐταξίας.
1135 1488 1170 1551 τί
1187 1488 1216 1551 δ’
1240 1480 1342 1548 ἄνη

179 1620 227 1671 τις
250 1594 331 1681 φαίη
350 1596 405 1659 καί
427 1596 502 1680 περί
523 1596 585 1659 τῶν
608 1596 807 1677 ἐνόυμιίτων,
830 1591 892 1657 ὅσα
913 1592 972 1655 κόν
994 1592 1115 1666 τούτοις
1136 1610 1277 1673 παρηνο·

179 1696 278 1781 μήθη,
300 1696 355 1762 καί
377 1694 464 1771 ὅπως
488 1696 702 1761 ἐκτετόπισταυ
724 1698 780 1759 nori
800 1694 974 1779 γνωρίμου
995 1715 1029 1755 τε
1047 1687 1102 1755 καί
1121 1689 1278 1774 νυνὴθηκο

181 1797 333 1875 πολιτεία,
354 1794 398 1873 ῶς
419 1798 501 1881 μηόέ
522 1786 737 1883 γινώσκεσθαι
759 1792 807 1860 ἔτι
830 1793 917 1870 ὅστις
934 1792 1102 1875 Ῥωμαίων
1118 1792 1174 1856 καί
1193 1788 1279 1865 ὅστις

178 1898 240 1961 τῶν
264 1894 367 1973 ἄλλως
390 1899 528 1978 ἐχόντων
548 1900 662 1982 γενῶν·
698 1891 788 1961 cies
814 1892 876 1980 γὰρ
899 1894 1049 1979 Περσική
1074 1917 1122 1968 τις
1145 1888 1279 1977 ἄκρατος

137 1996 201 2081 1ῡῆ
222 1996 318 2081 στολὴ
335 1997 462 2083 γέγονεν
480 1996 542 2083 ἤδη
572 1996 743 2081 Ῥωμαίοις
754 2012 773 2074 ,’
787 1990 859 2061 οὔτε
879 1992 1037 2079 Λατινικὴ
1057 1992 1186 2069 τελέως,
1209 1986 1279 2056 οὔτε

179 2098 241 2182 μήν
262 2123 310 2173 τις
331 2100 361 2162 Γ
362 2098 472 2185 οτθικὴ
504 2098 655 2178 καθάπαξ
667 2147 675 2175 ,
703 2093 773 2163 οότε
795 2095 828 2161 εἴ
845 2122 892 2173 τις
917 2082 1107 2179 Τριβαλλῶν
1133 2094 1189 2157 καί
1212 2089 1279 2175 ἅμα

180 2202 311 2263 Μυσῶν
332 2198 387 2263 καί
408 2200 579 2265 Παιόνων·
626 2198 693 2263 ἀλλ’
716 2201 750 2263 ἐκ
773 2200 884 2263 πασῶν
908 2195 943 2261 τό
967 2193 1022 2260 όιοὶ
1043 2197 1156 2259 πασῶν
1179 2195 1279 2257 sineru

180 2302 233 2382 τῆς
255 2302 412 2384 μουσικῆς
433 2302 552 2385 ἐκείνης
574 2298 730 2385 ἁρμονίας
751 2300 807 2365 καί
830 2300 944 2384 ἀρετῆς
962 2298 1015 2363 ἐπί
1036 2298 1099 2361 τῶν
1118 2294 1280 2381 ἡμετέρων

186 2398 418 2485 ἀπέστραπται
434 2400 562 2487 χρόνων
583 2404 615 2475 ἐς
639 2399 725 2467 όπαν
745 2400 926 2465 τούναντίον
946 2405 1051 2483 μῖγμα
1072 2398 1129 2462 καί
1151 2396 1279 2483 συμφό-

135 2520 284 2586 noctua·
315 2503 371 2567 καί
394 2500 521 2588 ὁρῶμεν
542 2504 605 2567 τῶν
627 2502 722 2589 ἱερῶν
744 2502 924 2587 περιβόλων
945 2496 1023 2567 εἴσω
1044 2497 1115 2576 τοὺς
1138 2500 1201 2562 τῶν
1224 2497 1280 2584 ol-

80 2679 87 2689 ·
183 2608 247 2665 λων
268 2605 388 2679 παῖδας
408 2603 464 2688 τίγν
484 2605 547 2687 μὲν
563 2607 705 2690 κεφαλὴν
727 2603 867 2680 ἐοικότας
885 2603 1047 2678 Λατίνοις,
1070 2599 1106 2664 τό
1129 2601 1164 2665 <ll
1185 2601 1281 2683 σῶμα
1325 2637 1332 2650 ι

184 2703 249 2766 πᾶν
270 2708 429 2789 περσικῶς
449 2727 483 2770 τε
504 2705 559 2769 καί
579 2707 731 2790 μιγόικῶς·
744 2702 950 2787 ἐσταλμένον,
971 2702 1027 2768 καί
1046 2700 1227 2766 τούναντίον
1249 2703 1282 2787 ἐς

182 2801 237 2886 τὴν
257 2800 430 2892 όστεραίαν
449 2803 522 2882 τοὺς
543 2804 657 2883 αὐτοὺς
690 2808 745 2872 νόν
765 2806 824 2890 μὲν
847 2802 952 2882 ἄλλως
972 2807 1027 2869 νῦν
1049 2804 1077 2868 δ’
1102 2798 1209 2878 ἄλλως
1226 2802 1282 2868 νῶν
1357 2861 1360 2867 .

182 3111 303 3186 prolicua
323 3119 350 3164 et
370 3111 489 3180 profuse,
506 3123 582 3182 quam
600 3114 744 3166 secandum
762 3113 857 3184 regiae
874 3113 1015 3182 potestatis
1035 3120 1063 3166 et
1081 3116 1187 3166 sanctas
1205 3110 1282 3180 leges

183 3185 361 3246 tradiderant3
396 3192 580 3251 tempestatem
605 3193 632 3237 et
657 3185 833 3237 calamitatem
866 3187 1050 3254 gravissimam
1076 3185 1225 3236 excitantes
1253 3185 1281 3236 in

185 3267 317 3324 quemquo
337 3255 452 3320 bouum,
482 3269 535 3323 quo
555 3257 621 3307 deus
639 3263 668 3307 ut
689 3271 741 3325 ego
760 3258 857 3323 opinor
875 3258 1069 3324 providentiam
1089 3271 1162 3308 suam
1181 3254 1281 3323 proha.

184 3329 241 3381 vlt
271 3340 322 3395 qua
344 3339 423 3378 omno
442 3326 601 3394 disciplinae
622 3343 708 3396 genus
726 3328 858 3380 sublatum
880 3336 921 3379 est
940 3336 968 3379 et
985 3329 1013 3378 in
1033 3328 1193 3379 contrarium
1213 3341 1299 3386 oon„
1335 3324 1337 3327 ’

184 3411 264 3451 versa
285 3406 327 3449 est
345 3400 431 3450 virtus
461 3405 489 3450 et
507 3411 585 3450 omne
604 3399 667 3452 boul
687 3401 824 3462 meritum;
853 3407 881 3451 et
910 3400 1015 3451 invexit
1031 3398 1081 3450 illa
1099 3401 1170 3451 iuter
1189 3413 1282 3450 omnes

185 3471 243 3523 iare
263 3471 397 3521 llomasos
415 3477 545 3538 quotquot
563 3478 624 3522 suut
641 3482 729 3522 novae
747 3471 876 3534 civitatis,
895 3485 983 3521 mores
1002 3485 1088 3521 novos
1111 3478 1138 3521 et
1156 3470 1283 3537 peregri.

184 3553 233 3594 sos
259 3548 286 3591 et
314 3555 329 3590 a
354 3541 466 3606 pristina
490 3542 560 3610 rogii
587 3542 692 3607 imperii
718 3549 744 3592 et
769 3556 860 3593 reram
886 3542 1122 3593 administrationis
1149 3541 1282 3606 sapientis

184 3625 294 3680 prorsus
312 3609 427 3662 alienos.
465 3613 527 3680 quid
547 3620 633 3664 autem
651 3613 791 3664 dicendum
813 3614 1037 3674 coronamentis,
1055 3626 1132 3680 quam
1153 3611 1236 3663 multu
1253 3613 1282 3664 iu

186 3684 228 3734 lals
251 3683 330 3733 etism
349 3689 442 3734 eontra
461 3684 679 3734 consuetudinem
694 3689 792 3736 mutata
810 3686 875 3748 sint,
893 3693 920 3735 et
938 3683 1071 3752 quomodo
1092 3684 1281 3735 exornatae.

185 3753 245 3806 titia
266 3761 368 3804 remota
387 3761 414 3804 et
430 3763 528 3807 notata
548 3757 584 3806 sit
602 3755 763 3821 respublica,
782 3762 883 3806 utnon
902 3757 953 3806 iarn
973 3755 1101 3823 cognosci
1120 3755 1205 3822 possit
1221 3755 1282 3822 quis

186 3841 201 3876 e
219 3824 345 3876 Romanis
362 3825 397 3877 slt
415 3827 474 3894 quis
495 3841 528 3878 es
550 3825 602 3877 slis
621 3835 712 3894 gente.
748 3827 928 3894 nequeenim
951 3841 1032 3894 purus
1051 3825 1174 3877 Persicus
1193 3827 1280 3880 cultus

85 3903 97 3911 ·
184 3911 201 3946 a
221 3893 346 3946 liomenis
364 3905 490 3964 receptus
510 3903 570 3962 est,
596 3911 684 3966 neque
703 3911 786 3965 purus
804 3898 929 3961 Latinus,
957 3911 1047 3966 neque
1066 3897 1210 3961 Gothions3
1227 3908 1279 3949 ne.

185 3979 238 4034 que
256 3966 279 4017 si
300 3967 359 4032 quis
381 3967 556 4020 Triballorum
581 3968 626 4020 vel
645 3970 778 4035 llysorum
805 3969 851 4020 vel
870 3968 1014 4020 laconum.
1060 3967 1107 4022 sed
1127 3971 1279 4036 promiscue

186 4049 220 4088 ex
239 4037 360 4089 omnibns
386 4046 415 4090 ul
434 4040 525 4091 dicunt
543 4041 637 4090 musici
657 4039 724 4091 illud
744 4043 890 4091 concentus
908 4047 935 4090 et
953 4041 1066 4093 effectus
1083 4055 1100 4090 a
1116 4041 1278 4092 nostratibus

184 4121 345 4160 conversum
365 4117 391 4160 et
410 4111 437 4161 in
457 4123 565 4176 prorsus
585 4111 744 4162 contrarium
765 4113 933 4163 commixtum
953 4119 981 4164 et
1003 4114 1031 4164 ln
1049 4113 1213 4180 congeriem.
1252 4119 1279 4163 et

183 4179 305 4232 ridemus
325 4179 394 4232 istra
418 4195 510 4234 saeros
526 4191 615 4234 muros
643 4183 786 4234 amicorum
806 4183 877 4234 filios
897 4191 976 4249 ceput
1007 4184 1111 4252 quidem
1129 4183 1279 4234 relerentes

183 4249 354 4316 Latinorum,
374 4268 472 4319 corpus
483 4303 486 4309 ,
499 4267 565 4304 vero
583 4261 666 4304 totum
685 4252 824 4305 Persarum
848 4254 893 4306 vel
912 4254 1046 4307 lledorum
1064 4266 1139 4306 more
1158 4257 1279 4304 ornatum

184 4328 237 4393 est.
271 4336 363 4383 rursus
389 4324 604 4390 autemuosdcm
621 4324 707 4384 ελλειο
732 4325 776 4380 dio
794 4326 873 4382 molo
898 4325 970 4380 auso
986 4326 1067 4382 morlo
1083 4323 1164 4382 illam.
1177 4337 1278 4380 moram
