3184 5100
322 349 400 433 asi
458 355 517 434 ssi
630 361 852 467 urcunoar
882 355 1112 428 cruscula

328 524 520 611 δρδοδόξων,
544 526 599 586 δι’·
616 525 756 606 ἐφέσεως
791 513 830 602 ἦν
862 519 1015 601 ὁμιλῆσαι
1037 521 1093 584 καί
1112 522 1193 607 τῷδε
1213 518 1348 601 τοῖνδρί,
1371 512 1427 582 καί

321 629 410 692 Δτοῦτ’
434 622 513 690 αύτὸ
540 622 680 704 μαθόντι
711 626 835 703 πρῶτον
859 617 956 686 ἔπειτ’
978 621 1112 703 ἐρέσθαι
1134 619 1189 684 καί
1207 617 1253 684 ὅτι
1274 614 1424 700 βούλοιτο

324 728 355 794 οἱ
371 721 410 791 τύ
426 729 480 808 τῆς
494 727 674 807 πρεσβείας,
698 722 753 786 καί
773 719 849 806 πρύς
864 745 898 804 γε
918 715 978 786 ύσα
992 731 1058 793 τοϊς
1077 721 1232 794 τοιούτοις
1253 722 1351 787 ἕποντ’
1374 712 1423 782 ἄν.

326 826 380 892 διδ
413 825 453 909 δὴ
483 821 638 890 ταύτύοὶ
665 829 719 888 καί
743 819 824 891 εἶναι
847 826 1087 903 συντεθειμένον
1110 820 1231 905 οἷκὴκοα
1262 818 1315 886 τύν
1330 812 1424 885 ”Adon

325 924 540 1012 παραπλεόντι
572 924 626 990 καί
656 924 744 1009 παροδ
773 925 827 989 τὸν
853 926 993 989 τοιοῦτον
1028 921 1107 986 ύδού
1135 923 1292 1006 πάρεργον
1322 913 1456 1004 ύνδραῦ·

327 1029 480 1118 ἀφῖχθαι.
1082 1090 1095 1111 ρ
1207 1049 1210 1055 ’

261 1140 316 1194 12
430 1127 555 1194 Τούτων
587 1129 619 1192 δ’
643 1123 729 1192 ούτω
759 1131 944 1214 φερομένων
970 1120 1039 1209 ἥκει
1059 1149 1106 1202 τις
1133 1128 1168 1190 ἐκ
1192 1127 1426 1208 Θεσσαλονίκης

326 1232 366 1298 τοί
390 1255 422 1295 τε
440 1224 522 1294 ἄλλα
545 1231 713 1312 οἷγγέλλων,
736 1231 791 1292 καί
813 1222 864 1290 ὅτι
878 1231 991 1307 βιαίως
1012 1230 1047 1291 ἐκ
1071 1231 1189 1292 πολλοῦ
1211 1231 1266 1290 κατ’
1285 1225 1355 1290 λίαν
1374 1250 1426 1292 πο,-

256 1381 263 1394 ,
325 1336 411 1415 κροῖς
442 1332 659 1414 ἀπορραγῆναι
690 1332 748 1409 μέν
778 1329 953 1392 κινδυνεύει
983 1331 1041 1392 τού
1073 1330 1128 1411 ζῆν
1161 1330 1342 1408 natantia,
1368 1329 1426 1388 ούκ

327 1431 562 1514 οἷπορρὴγνυται
586 1431 630 1514 δέ,
654 1429 733 1494 α’λλύ
755 1438 855 1494 κεῖται
876 1432 1066 1510 παρειμένος
1099 1426 1154 1492 καί
1172 1433 1272 1510 χείρω
1293 1425 1427 1509 πάσχων
1438 1434 1469 1495 10

324 1532 449 1615 pupius
470 1530 631 1596 θανάτων.
677 1531 880 1613 ἐξωγκαῖσθαι
910 1527 972 1612 γοὶρ
1002 1530 1091 1616 αύτῷ
1110 1527 1168 1611 τὴν
1186 1531 1325 1622 γαστέρα
1345 1527 1429 1613 φασί

324 1629 358 1706 ἐς
376 1631 409 1696 τὸ
432 1629 515 1695 πάνυ
539 1656 569 1696 τι
603 1627 822 1716 ὑπερβάλλον,
858 1632 913 1696 καί
932 1626 1002 1709 ἅμα
1032 1634 1209 1713 παρεῖσθαι
1237 1635 1349 1710 χεῖρας
1374 1627 1429 1692 καί

324 1729 439 1810 πόδας,
463 1730 506 1806 ὥς
525 1731 622 1815 μικρὰ
636 1725 667 1815 ἢ
689 1734 788 1815 μηδὲν
808 1729 889 1814 πλὴν
909 1734 972 1813 {stat
1006 1729 1160 1795 ἀναπνεῖν
1180 1732 1346 1814 διαφέρειν
1366 1730 1428 1792 τῶν

296 1844 299 1849 ’
326 1836 426 1898 λίθων
449 1834 494 1906 εἰς
515 1830 550 1896 τύ
573 1828 731 1914 α’κίνητσν.
786 1834 1006 1916 ἐκφραγέντων
1034 1832 1063 1896 δ’
1094 1830 1181 1920 αὐτῷ
1211 1831 1266 1894 καί
1287 1833 1351 1894 τῶν
1371 1830 1427 1910 τῆς

238 1967 240 1970 ·
326 1936 446 2009 κοιλίας
470 1939 616 2018 ἐντέρων,
636 1937 690 1998 καί
720 1935 758 2008 ἐς,
783 1929 817 1998 τύ
841 1926 910 1997 ἅνω
931 1935 1175 2016 ἐστραμμένων,
1196 1930 1250 1996 διοὶ
1280 1928 1470 2004 scillei-15

325 2055 421 2116 ρακος
450 2027 548 2108 αὖθις
579 2033 656 2100 κατὰ
678 2035 869 2116 παλίρροιαν
891 2032 1038 2115 Εύρίπου
1070 2034 1160 2116 δίκην
1191 2031 1365 2116 ἀναφέρειν
1395 2033 1426 2107 ές
1466 2086 1471 2092 .

217 2201 221 2209 ,
325 2132 360 2202 τύ
385 2131 488 2214 στόμα
511 2138 564 2199 καί
585 2134 783 2214 ἀποπέμπειν
811 2137 933 2198 ἐκεῖθεν
960 2134 1219 2218 ἀναγκαζομένην
1251 2128 1427 2216 τὴνφύσιν

292 2273 293 2276 ¹
324 2235 359 2300 τύ
382 2238 437 2319 τῆς
460 2233 599 2320 γαστρὸς,
617 2231 779 2317 κοπρῶδες
801 2239 983 2317 περίττωμα
1004 2237 1086 2314 πᾶν,
1108 2238 1163 2299 καί
1180 2237 1327 2317 γίνεσθαι
1351 2236 1428 2307 τέως

238 2411 242 2414 .
326 2335 395 2402 οἶντέ
416 2339 472 2420 τῆς
493 2339 590 2422 ἐδρας
611 2340 649 2426 τῇ
670 2337 768 2420 φύσει
783 2334 817 2400 τύ
840 2334 946 2416 στύμα
968 2332 1214 2419 διακονούμενον
1237 2336 1270 2410 ἐς
1291 2319 1350 2410 τύς
1370 2335 1428 2414 τῆς

327 2437 462 2520 γαστρὸς
483 2438 639 2512 δυσώδεις
660 2440 801 2521 κηλῖδας.
1434 2446 1469 2502 20

263 2552 317 2607 18
423 2537 527 2625 Ὁρᾷς,
548 2529 574 2603 ai
596 2543 730 2623 φίλτατε
751 2537 982 2623 Ἀγαθύγγελε,
1001 2539 1069 2614 πούς
1090 2528 1213 2603 ἄνωθεν
1236 2537 1255 2620 ἦ
1278 2536 1352 2601 θεία
1371 2559 1427 2599 ται
1444 2626 1457 2633 ‚
1517 2557 1518 2588 ι

327 2640 469 2705 λαντεύει
493 2638 562 2725 δίκη
582 2640 616 2707 τύ
638 2638 742 2721 χρεὼν
765 2643 845 2705 κείπί
867 2641 946 2727 τῷδε
975 2640 1104 2725 τάνδρί,
1124 2640 1179 2704 ἳνα
1201 2637 1236 2703 τὸ
1261 2640 1316 2720 τῆς
1338 2638 1429 2721 οέφα-

325 2743 400 2815 νούς
422 2742 531 2825 ψυχῆς
552 2743 713 2822 δυσῶδες,
743 2736 786 2817 ὥς
806 2733 1036 2857 ἔοικε,’δι”ρλον
1065 2741 1126 2805 κύκ
1150 2743 1213 2824 ,τῆς
1246 2735 1428 2822 αἰσθήσεως

326 3095 443 3149 brandae
461 3096 540 3154 ritum
561 3110 630 3159 enm,
654 3095 745 3163 quiin
764 3092 971 3149 orthodoxorum
983 3093 1126 3161 metropoli
1147 3092 1286 3161 regnabat,
1304 3100 1426 3160 potestus

329 3176 386 3221 erat
405 3166 583 3218 conveniendi
605 3166 675 3217 hunc
696 3166 783 3217 virum
806 3173 833 3215 et
852 3182 930 3233 quum
950 3166 1061 3232 primurn
1081 3166 1184 3217 audivit
1202 3166 1288 3217 statim
1307 3166 1427 3215 interro.

327 3238 407 3309 gandi
427 3254 485 3289 euru
506 3247 618 3305 atquae
638 3236 724 3289 veliet
742 3236 844 3304 legatio
867 3244 894 3289 et
912 3252 980 3305 quae
999 3245 1138 3303 practerea
1155 3243 1309 3305 quaereret.
1331 3252 1426 3303 quarn.
1517 3269 1518 3304 t

328 3310 419 3361 obrem
439 3310 610 3361 constituisse
631 3322 690 3358 eum
709 3308 799 3359 audivi
818 3316 907 3360 monta
925 3308 996 3361 Atho
1016 3316 1123 3375 praeter
1143 3309 1270 3375 navigato
1289 3308 1426 3360 advirum
1517 3317 1518 3370 ,

326 3380 402 3433 illurn
425 3396 458 3431 ex
476 3381 573 3431 itinere
591 3378 736 3445 proficisci.

427 3468 501 3532 Quae
520 3482 599 3534 quum
617 3467 655 3517 ita
674 3475 772 3530 essent,
798 3470 874 3520 veuit
892 3460 996 3539 qnidani
1015 3484 1059 3519 ex
1076 3467 1213 3522 Thessalia
1232 3477 1259 3523 et
1277 3468 1331 3519 alia
1352 3470 1444 3521 refe„
1517 3465 1518 3498 ³

326 3544 389 3593 rcu's
409 3548 436 3591 et
457 3538 540 3601 illud,
559 3538 656 3589 iamdiu
675 3552 709 3588 ne
730 3538 905 3594 vehementer
925 3550 952 3593 et
971 3538 1050 3592 vulda
1075 3542 1173 3592 acriter
1192 3556 1207 3590 e
1226 3541 1283 3592 vita
1303 3541 1427 3607 eripere.
1517 3561 1518 3566 ¹

327 3620 386 3675 tur,
417 3612 445 3661 in
462 3608 584 3675 periculo
615 3610 718 3661 versari
737 3606 884 3676 Palamarn3
911 3627 965 3664 non
986 3611 1092 3679 quidem
1110 3612 1260 3663 decessisse
1280 3627 1358 3675 eum,
1379 3613 1426 3666 sed

328 3684 420 3735 fractis
448 3679 549 3731 viribus
574 3682 664 3731 iacere
692 3689 717 3731 et
742 3681 813 3733 ferre
838 3685 897 3749 ipsa
916 3691 1001 3734 morte
1020 3682 1166 3733 acerbiora.
1215 3691 1336 3734 ventrem
1356 3684 1426 3734 euim

328 3755 419 3805 dicunt
437 3751 468 3801 ad
487 3752 643 3803 immensum
663 3752 720 3803 fere
735 3755 899 3818 accrevisse„
917 3771 949 3806 ac
968 3753 1046 3805 simul
1059 3754 1179 3804 manibus
1199 3762 1225 3805 et
1245 3753 1358 3820 pedibus
1376 3755 1426 3805 de.

326 3822 458 3875 bilitatum
486 3838 544 3873 eum
572 3824 609 3873 ita
636 3831 664 3874 ut
682 3824 752 3891 quod
777 3826 818 3875 ad·
837 3827 1002 3891 torpediuem
1029 3826 1146 3892 pertinet
1169 3825 1276 3891 paulum
1303 3834 1349 3876 aut
1368 3825 1426 3876 iere

326 3892 396 3945 nihil
420 3908 435 3943 a
460 3892 591 3959 lapidibus
618 3895 671 3946 uisi
689 3896 759 3962 quod
788 3897 903 3962 spiraret
926 3896 1059 3959 δίδονται,
1089 3896 1239 3948 visceribus
1266 3896 1380 3947 reclusis
1401 3905 1427 3947 et

326 3980 376 4031 per
399 3963 535 4015 thoracem
564 3964 678 4033 repulsis
704 3966 736 4017 ad
767 3968 851 4017 instar
875 3966 967 4034 Euripi
995 3975 1097 4018 aestum
1125 3968 1319 4034 reciprocantis
1338 3970 1427 4019 omnia

221 4043 223 4046 '
326 4036 429 4087 ventris
449 4033 581 4101 superflua
599 4037 662 4087 inde
681 4038 713 4088 ad
740 4052 812 4087 erem
838 4039 930 4090 reduci
957 4046 1067 4089 naturae
1095 4039 1258 4089 necessitate
1277 4046 1304 4089 ct
1322 4040 1426 4105 pcdicis

273 4176 278 4181 ,
326 4106 389 4158 Ιοοο
408 4122 424 4157 a
443 4114 537 4157 natura
556 4121 629 4159 orem
648 4108 769 4159 adhiberi
789 4109 821 4159 ad
842 4110 1000 4177 excipienda
1019 4112 1121 4161 ventris
1141 4118 1319 4161 excrementa.

425 4192 515 4259 Vides,
538 4196 674 4247 carissime
694 4195 891 4265 Agathaugele,
911 4197 1043 4265 quomodo
1067 4198 1158 4250 divina
1175 4197 1226 4249 illa
1243 4199 1345 4249 iustitia
1364 4198 1426 4251 huic

321 4279 432 4335 ,quoque
460 4266 560 4340 hornini
585 4274 684 4321 sortem
709 4268 885 4337 pependerit,
903 4269 956 4334 pitax
975 4275 1003 4334 ut
1028 4268 1131 4321 animae
1162 4285 1231 4339 quae
1250 4269 1352 4337 adspici
1372 4284 1425 4323 neu
