3184 5100
290 406 513 481 nrsronms
536 405 795 480 amansium
809 411 921 480 xxm.
936 395 1124 482 at-as.
1207 409 1257 487 99

149 571 203 639 τδν
233 576 400 640 έντεῦθεν.
420 576 452 652 ές
479 572 669 658 Ὀρεστιολδα
699 574 753 640 καί
783 577 1020 662 Διδυμδτειχον
1056 580 1257 663 ἀναδέχομαι
1284 589 1288 604 “

149 673 285 760 μόχθον,
307 675 423 741 παίειν
443 677 628 761 ἐπειγομένη
648 680 709 741 τοῖν
732 682 845 743 κοινοῦν
872 675 948 761 ἡμῖν
969 680 1092 746 παίδων
1119 679 1178 758 τὰς
1199 706 1258 746 πε·-

151 778 324 860 ριστᾰσεις,
350 777 403 843 καί
423 773 456 842 εἴ
473 784 555 854 τινές
577 779 643 843 ποτ’
669 770 728 861 ’ἄρ’
751 771 813 843 εἶεν
841 781 898 843 καί
924 775 994 846 ὅσοι
1023 786 1182 858 κνκεαῖναι
1201 784 1258 848 καί

149 874 348 956 κλέδοσνας.”

126 987 140 1038 5
251 979 350 1046 Ἀλλδ
375 979 430 1046 τὸν
451 978 664 1065 περὶτούτων
685 982 730 1058 εἰς
753 980 876 1065 δάκρυα
899 979 1143 1059 καταλελυκότες
1163 983 1254 1068 λόχον
1266 995 1320 1048 88

150 1085 231 1157 τέως
256 1085 442 1167 διέστησαν,
457 1085 510 1148 καί
534 1085 553 1166 ἡ
574 1086 633 1164 μέν
647 1088 773 1164 βασιλίς
795 1082 901 1173 ἆποὶοη
914 1088 1038 1171 σπουδῇ
1055 1083 1257 1168 παρεσκευιέ·

152 1187 221 1262 ζετο
244 1181 326 1265 πρὸς
345 1184 400 1267 την
420 1183 549 1266 ἔξοδον,
572 1183 589 1248 ὁ
613 1187 648 1247 δέ
669 1185 820 1265 βασιλεὺς
841 1190 973 1269 πέμψας
995 1187 1085 1270 η’ξιόν
1106 1185 1162 1252 τὸν
1181 1188 1257 1273 ἦμε-

150 1283 233 1365 μὸνοι
249 1288 408 1360 Βιθυνίας
425 1284 634 1369 καέμαμβρὸν
651 1284 802 1369 Ὑρκανὸν
820 1286 866 1371 μὴ
889 1291 1019 1373 βοηθεῖν
1043 1289 1074 1351 Γ
1071 1292 1255 1365 εννιυίτοις.
1345 1353 1349 1360 ,

150 1386 208 1450 καί
229 1379 299 1465 ἅμα
322 1387 397 1467 περί
416 1388 480 1450 τῶν
503 1387 608 1450 αιίτιδν
633 1388 724 1470 η’ξίου
749 1392 879 1471 πέμψας
901 1387 955 1452 καί
976 1388 993 1450 δ
1015 1391 1074 1452 τοῦ
1087 1392 1255 1454 Βενετικοέ

114 1483 316 1570 λθναδαρχος
339 1485 471 1568 στόλου,
494 1492 548 1552 καί
570 1491 660 1570 δοδρα
680 1489 716 1554 τοὶ
733 1493 806 1570 μέν.
820 1493 927 1555 έδίδου
948 1489 987 1554 τέ
1009 1491 1040 1553 δ’
1062 1487 1255 1573 δαισχνεῑτο.

151 1584 170 1649 ὃ
190 1589 220 1650 δ’
242 1591 348 1652 έλπίσι
371 1592 573 1670 μετεωρίζων
598 1591 685 1673 διῆγε
712 1600 838 1672 κεναῖς,
861 1589 910 1684 δυ”
933 1589 966 1657 έν
986 1596 1030 1680 νηΐ
1046 1589 1130 1674 ἔχων
1150 1618 1255 1671 ταυτι,

150 1685 184 1753 έν
204 1691 265 1768 μέν
286 1686 437 1771 χρήματα
468 1691 645 1770 λαμβάνειν
669 1691 701 1767 ἐξ
731 1693 854 1777 α’μφοῖν
875 1701 944 1758 τοῖν
966 1702 1087 1776 μεροῖν,
1107 1697 1256 1778 δεύτερον

151 1792 180 1853 δ’
202 1783 252 1855 δτι
271 1793 408 1854 τουτωνί
424 1795 617 1874 μαχομένων
641 1793 788 1876 ἀλληλοις
818 1795 959 1880 α’φοβίοιν
986 1792 1069 1876 ἔχειν
1087 1799 1254 1878 συνέβαινε

148 1889 206 1974 τὴν
228 1891 328 1956 αὐτοῦ
358 1894 382 1932 ’ί
416 1893 552 1974 δύναμιν
585 1898 818 1978 περαινομένην
851 1897 1017 1978 ληίζεσθαι
1049 1891 1177 1982 Θρηίκην
1200 1895 1371 1960 καίῖιῑῑθιο

112 2007 141 2060 15
152 1993 379 2074 Μακεδονίαν,
407 1995 463 2057 καί
491 1989 611 2078 ὅσαπερ
641 1992 689 2080 εἴη
712 1994 822 2078 σκάφη
843 1995 897 2058 καὶ
919 1998 1069 2060 ναυτικαί
1095 1999 1254 2082 φοριίδες,

151 2096 315 2180 φέρουσαί
331 2115 365 2157 τε
387 2092 442 2157 καί
461 2088 598 2178 ἄγουσαι
614 2089 694 2158 κατέ
714 2094 832 2173 νόμους
847 2092 1039 2178 ἐμπορικοδς
1062 2098 1252 2179 τάπιτήδεια

80 2177 82 2190 ¹
150 2197 203 2260 καί
226 2183 271 2259 ὧν
293 2197 328 2258 έν
349 2193 443 2286 χρείη
473 2199 682 2260 καθίστανται
704 2199 798 2280 νῆσοί
814 2220 849 2261 τε
880 2195 935 2262 καὶ
956 2197 1063 2274 πόλεις
1083 2199 1250 2282 παρέλιαι,
1316 2183 1327 2197 ’

149 2297 235 2362 τοῦτ’
271 2299 369 2362 έκεῖνο
400 2297 517 2381 σχεδὸν
545 2291 563 2358 δ
600 2303 654 2361 καί
684 2297 899 2381 Φαρνάβαζος
929 2302 1047 2374 έκεῖνος
1072 2298 1089 2362 δ
1110 2302 1251 2383 Δαρείου

149 2397 411 2480 παραθαλάττιος
440 2395 575 2480 ἔπραττε
597 2395 790 2482 στρατηγός,
811 2403 873 2466 τῶν
889 2397 1042 2483 Ἑλλήνων
1063 2398 1164 2464 πολλοι
1183 2401 1251 2466 κατ’

113 2515 141 2570 20
150 2495 295 2581 ἀλλήλοιν
317 2503 519 2583 μαχομένων.
562 2501 642 2566 α’λλοὶ
665 2499 726 2586 yolo
749 2499 859 2585 ἐπειδὴ
888 2505 944 2567 καί
969 2500 1004 2567 τὸ
1029 2501 1157 2585 συμβὰν
1176 2507 1253 2585 έμε-

148 2598 289 2684 μαθηκει
325 2601 444 2682 μεταξδ
475 2604 544 2667 κατ’
581 2604 683 2667 carot
712 2607 927 2689 πλημμέλημα
958 2610 1072 2671 νεωστί
1091 2603 1171 2689 πρδς
1188 2610 1252 2672 τοῖν

148 2703 208 2766 τοῦ
243 2706 402 2785 βασιλέυς
437 2704 552 2788 υἱέων,
585 2703 761 2789 α’νεπήδησέ
791 2728 827 2768 τι
863 2706 966 2783 εδθές
1002 2707 1055 2770 ὑπ’
1074 2706 1171 2790 σ’ργῆς
1197 2706 1255 2771 καί

148 2804 302 2891 ἠπείλησε
323 2802 377 2869 τὸν
396 2804 593 2893 σατραπικδν
626 2804 681 2871 καί
703 2805 984 2895 βαρβαρικώτερον
1013 2806 1140 2894 τρόπον.
1184 2803 1252 2892 εἶχε

149 3109 247 3183 mulier
265 3110 408 3165 molestum
432 3110 552 3165 laborem
576 3112 764 3181 proficiscendi
791 3112 957 3167 Orestiadem
982 3120 1009 3166 et
1035 3113 1249 3181 Didymotichum

149 3186 307 3252 suscipiam,
327 3192 356 3235 ut
374 3183 489 3237 liliorum
518 3184 595 3237 uobis
615 3185 791 3239 communium
810 3185 962 3237 discrimina
989 3192 1069 3252 atque
1087 3186 1177 3239 turbas
1195 3186 1249 3241 flu..

149 3265 274 3325 utusque,
293 3272 468 3324 quaecunque
487 3272 519 3309 ea
538 3265 565 3308 et
584 3265 788 3326 quantacunque
810 3266 880 3320 sunt
900 3256 994 3309 sedare
1013 3270 1105 3308 coner.

249 3344 308 3395 lioc
335 3342 499 3411 colloquium
519 3360 598 3412 quum
623 3345 741 3397 lacrimis
766 3346 867 3411 obortis
892 3346 1057 3409 linivissent,
1077 3355 1250 3398 surrexerunt
1324 3387 1327 3393 .

148 3427 175 3469 et
193 3415 351 3483 imperatrix
370 3416 476 3481 quidem
495 3417 566 3466 omni
585 3419 672 3471 studio
690 3418 886 3483 profectionem
904 3419 1018 3483 paravit,
1037 3418 1181 3483 imperator
1199 3434 1249 3469 au.

148 3498 202 3540 tem
222 3488 255 3539 αδ
269 3486 429 3552 Hyrcanum,
448 3486 592 3553 Bithyniae
611 3490 758 3555 principem
772 3490 937 3557 eundemque
956 3504 1084 3557 generum
1104 3504 1179 3540 suurn
1196 3490 1249 3539 mi.

148 3562 193 3623 sit,
213 3560 261 3627 qui
278 3566 421 3624 peterent,
446 3574 481 3609 nc
500 3572 577 3626 opem
600 3560 684 3611 ierret
704 3560 898 3611 (lenaeusibus.
947 3562 1016 3611 idem
1042 3562 1086 3626 qui
1111 3569 1248 3628 rogarent,

150 3633 230 3682 etiam
258 3629 352 3681 classis
377 3630 503 3681 Venetae
521 3631 674 3697 praefectus
692 3632 780 3696 misit,
806 3634 874 3683 dona
893 3633 987 3697 partim
1014 3632 1101 3682 statim
1119 3631 1259 3700 largiens,

148 3703 245 3769 partim
276 3700 420 3767 pollicens.
464 3701 514 3753 ille
540 3710 628 3753 autem
652 3718 722 3754 vana
746 3718 793 3769 spe
819 3717 962 3769 suspensor
991 3717 1037 3753 eos
1057 3702 1164 3767 babuit,
1184 3704 1249 3756 duaa

117 3789 120 3799 ·
148 3776 250 3841 quippe
268 3788 312 3823 rea
331 3773 419 3823 animo
436 3774 550 3840 agitans,
570 3776 679 3840 primum
701 3776 816 3841 quidem,
836 3783 866 3824 nt
878 3774 911 3824 ab
923 3774 1043 3841 utri-sque
1061 3774 1179 3841 partibus
1197 3790 1249 3842 pe.

149 3847 255 3895 cuniam
274 3845 419 3910 acciperet,
438 3844 543 3907 deinde,
563 3854 592 3895 ut
610 3846 643 3895 iis
656 3847 725 3896 inter
744 3862 774 3899 se
788 3845 1019 3909 contendentibus,
1038 3860 1134 3898 secure
1155 3846 1249 3899 classis

147 3917 175 3966 in
194 3915 333 3967 Thraciam
352 3922 432 3982 atque
451 3916 630 3967 Macedoniam
655 3924 807 3969 transvecta
831 3917 955 3982 praedam
974 3926 1069 3985 ageret
1087 3927 1114 3969 et
1136 3919 1248 3986 scaphas

148 4002 179 4038 ac
196 4000 283 4038 naves
302 3988 474 4039 mercatorias
493 3988 676 4054 interciperet,
696 4004 764 4055 quae
780 4003 814 4039 ex
833 3990 983 4041 commercii
1003 3988 1109 4057 legibus
1122 3989 1249 4041 alimenta

150 4066 176 4109 et
193 4074 238 4110 res
260 4056 358 4109 insulis
377 4064 457 4125 atque
475 4058 585 4109 urbibus
597 4060 733 4109 maritimis
749 4060 916 4110 necessarias
936 4069 1077 4126 exportant
1097 4068 1124 4112 et
1142 4063 1246 4128 impor-

147 4137 213 4179 tant.
253 4129 323 4179 idem
341 4130 424 4197 igitur
444 4130 501 4181 lere
522 4130 595 4193 lecit,
616 4130 685 4197 quod
705 4128 907 4195 Pharnabazus,
928 4148 943 4182 a
961 4132 1043 4183 Dario
1062 4134 1168 4200 regioni
1188 4148 1247 4184 ma.

146 4201 253 4251 ritimae
274 4199 443 4265 praelectus,
462 4200 570 4252 Graecis
595 4201 726 4268 quondam
754 4202 824 4252 inter
843 4218 873 4253 so
891 4202 991 4253 bellum
1018 4204 1184 4271 gerentibus.
1221 4210 1248 4254 at

148 4273 288 4323 enimvero
306 4278 478 4339 posteaquam
496 4274 634 4341 cognovit,
654 4272 724 4341 quod
742 4273 831 4324 scelus
850 4288 936 4339 nuper
947 4275 980 4325 ab
997 4276 1165 4341 imperatoris
1183 4274 1250 4337 liliis
1275 4288 1278 4293 ·

147 4344 175 4395 in
192 4358 224 4397 so
245 4338 414 4397 commissum
432 4352 514 4409 esset,
532 4345 670 4397 iracundia
687 4344 807 4397 iervitlua
826 4346 911 4398 minas
934 4347 1045 4399 iactavit
1062 4355 1184 4412 satrapas
1203 4351 1246 4395 at-
