3184 5100
339 332 417 415 488
623 340 628 349 '
652 344 876 417 nicaenum
908 345 1138 415 anmonsu

344 505 529 583 ότοσοῦτος
548 508 604 573 καὶ
623 513 804 595 τηλικοῦτος
820 508 898 593 άνῆρ
924 504 1042 586 άπνους
1064 506 1181 589 σχεδόν
1202 506 1324 583 ἔκειτο,
1348 506 1403 582 τίς
1430 502 1470 583 όν,

277 603 402 671 ”adv
415 608 546 693 σφόδρα
565 606 713 693 μεμηνώς
730 603 762 695 ή,
783 608 990 686 καταδέξαιτο
1004 608 1038 673 τό
1053 608 1272 693 βλάσφημονς
1296 604 1338 669 τό
1353 607 1423 687 μὲν
1435 602 1469 687 δή

344 703 400 774 οδν
420 709 697 795 ἀπαρακαλύπτως
718 711 774 775 καί
792 712 919 795 γυμναῖς
940 733 1070 774 seturna
1100 708 1203 792 λέγειν
1228 709 1292 772 κατ’
1324 715 1422 771 νοεῖν
1444 706 1466 769 οἱ

342 813 427 873 θεῖοι
442 811 576 894 πατέρες
586 810 642 874 καὶ
658 812 847 876 διδάσκαλοι
863 814 918 894 τῆς
933 810 1096 893 εὐσεβείας
1111 811 1227 895 ήκιστα
1245 810 1467 873 παντάπασιν

341 908 453 990 ἔσχον·
498 907 517 975 δ
540 912 575 976 δὲ
596 918 663 975 και)
677 902 871 995 ὀἰκονομίαν
891 935 961 977 τινα
984 911 1074 995 παρά
1095 914 1174 983 θεοῦ
1192 936 1334 997 γεγονος
1359 911 1478 994 λέγεινᾶ

340 1010 562 1096 προήχθησαν,
584 1012 768 1093 κολάζοντές
790 1038 859 1088 πως
882 1012 1007 1076 κάκεῖνο
1022 1012 1076 1075 καί
1093 1014 1233 1101 βραχείᾳ
1257 1012 1330 1076 τινὶ
1357 1016 1460 1093 θερο-

340 1107 485 1184 πεόοντες
504 1111 683 1196 προσθήκη
704 1110 741 1176 τό
771 1113 947 1198 ἐπίφθονον
976 1111 1188 1196 ἀπήγγειλαν,
1210 1109 1255 1187 ὥς
1279 1112 1460 1175 κάνταῦθα

339 1211 396 1292 τῆς
414 1232 450 1293 με
473 1211 574 1294 δήπου
596 1214 718 1289 τελείας
740 1213 917 1299 ἐμφανείας
937 1213 992 1276 καί
1018 1212 1145 1289 δείξεως
1165 1209 1219 1275 τόν
1242 1209 1349 1295 ἡμῶν
1376 1212 1458 1274 άπά-

339 1331 445 1393 γοντες
467 1312 539 1374 νοῦν
560 1314 699 1400 βραχείᾳ
722 1312 836 1398 ταότη,
865 1315 905 1399 τῆ
926 1316 981 1397 τῆς
1000 1313 1088 1397 παρά
1103 1310 1295 1395 προθέσεως
1316 1313 1457 1396 δηλαδή,

341 1409 508 1495 προσθήκῃ
530 1414 587 1495 τῆς
607 1414 640 1487 ἐς
659 1411 699 1477 τά
721 1412 861 1499 όδόνατα
883 1412 1084 1479 συνέστειλαν
1109 1410 1212 1496 ὁρμῆς
1234 1409 1376 1478 οὑτωσί
1394 1424 1483 1488 nortl

204 1511 224 1566 i·
241 1508 376 1574 mli-sd
398 1505 547 1587 αὔθαδες.
580 1513 632 1577 ἳνα
655 1515 691 1581 δὲ
711 1516 766 1579 καῖ
785 1512 1016 1599 όποδείγμασιν
1037 1507 1156 1597 ἑτέροις
1175 1510 1230 1577 τόν
1252 1514 1363 1597 λόγον
1386 1516 1455 1577 δια-

275 1608 559 1695 ίθλευκάνωμεν,
590 1611 772 1701 όμελᾳιδός
800 1617 917 1691 ἐκεῖνος
944 1613 1056 1680 αὐτίκα
1085 1617 1208 1699 παρίτω
1232 1637 1317 1696 μοι,
1349 1612 1455 1695 “ozip-

339 1711 439 1793 βολα”
463 1713 596 1799 φάσκων
615 1711 691 1798 “τῆς
717 1719 824 1802 ταφῆς
852 1715 1125 1800 σουπαρέδειξας
1158 1714 1260 1787 πάλαι
1286 1712 1352 1791 τάς
1377 1714 1454 1799 δρά-

339 1835 406 1889 σεις
444 1814 636 1898 πληθόνας.”
688 1819 811 1899 μᾶλλον
848 1818 878 1880 δ’
908 1819 1012 1881 ἐκεῖνα
1054 1840 1177 1899 παριτω
1214 1812 1235 1877 ά
1269 1817 1304 1879 Γ
1305 1824 1453 1901 ρηγοριᾳ

265 1934 267 1942 ’
337 1910 384 1999 ’τῷ
419 1913 559 2001 θεολόγῳ
595 1915 670 1999 περὶ
698 1918 756 1979 τοῦ
782 1918 894 1997 πάσχα
912 1902 1190 2002 πεφιλοσόφηται·
1218 1912 1323 1979 “dtur
1352 1914 1481 1981 αότό”15

339 2037 420 2098 φησι
449 2012 544 2102 “πίνῃ
574 2019 683 2083 καινὸν
708 2022 783 2100 μεθ
814 2016 903 2101 tipicis
932 2021 964 2083 ἐν
985 2020 1026 2103 τῇ
1045 2021 1193 2105 βασιλείᾳ
1215 2018 1273 2080 τοῦ
1309 2018 1451 2101 πατρός,

251 2111 255 2121 ’
339 2112 569 2184 όποκαλόπτων
613 2120 668 2182 καί
709 2119 869 2183 διδάσκων
909 2115 930 2183 ii
962 2120 1018 2183 νῦν
1049 2118 1187 2201 μετρίως
1226 2117 1451 2201 nantoacum?

337 2213 416 2304 δρᾷς
446 2220 514 2294 πῶς
559 2217 579 2303 ῆ
612 2220 717 2304 παρά,
739 2221 894 2303 πρόθεσις
936 2221 1174 2306 παρακροόεται
1210 2221 1271 2302 μὲν
1306 2219 1371 2304 τῆν
1401 2222 1448 2285 τέ-

336 2321 426 2381 λειαν
449 2322 504 2401 τῆς
528 2319 682 2405 ἀληθείας
704 2320 852 2400 ἔνδειξιν,
889 2322 1065 2407 ἀντεισάγει
1100 2322 1134 2386 δὲ
1164 2322 1220 2405 τῆν
1243 2322 1374 2407 σκιώδη
1397 2323 1449 2387 καί

278 2442 282 2446 ’
339 2416 443 2501 άτελῆ.
485 2421 541 2484 καί
562 2420 657 2486 πάλιν
677 2424 889 2507 έχκαινίςεται
919 2424 953 2487 δὲ
986 2422 1041 2487 κατ’
1061 2421 1082 2507 ή
1104 2420 1202 2507 σκηνῆ
1233 2426 1293 2487 τοῦ
1313 2438 1477 2510 papea-ll

338 2518 409 2600 ρίου
445 2517 500 2583 καί
528 2521 600 2586 λίαν
627 2526 826 2602 πολυτελῶς,
860 2520 899 2608 ῆν
926 2520 1001 2599 θεός
1031 2516 1198 2609 παρέδειξε
1222 2523 1278 2588 καί
1311 2527 1447 2609 Μωσῆς

337 2615 473 2697 ἐπήξατο
493 2619 548 2682 καί
567 2619 728 2703 Βεσελεήλ
747 2624 918 2702 ἐτελείωσε,
943 2627 1083 2700 τυπικῶς
1105 2620 1226 2708 δηλαδή
1248 2624 1307 2688 καί
1328 2624 1446 2709 ῆκιστό

337 2739 388 2778 πω
408 2723 476 2780 κατ’
501 2718 627 2784 οὐσίαν·
669 2720 770 2808 “ipa“
791 2725 852 2810 γάρ
871 2749 952 2811 φησι
969 2724 1134 2810 “ποιήσεις
1158 2725 1262 2790 πάντα
1287 2725 1377 2792 κατά
1394 2727 1446 2793 τόν

269 2815 432 2882 aesinos
453 2816 507 2883 τόν
530 2820 698 2903 δειχθέντα
719 2848 772 2888 σοι
797 2827 830 2888 ἐν
858 2828 905 2912 spi
925 2822 1040 2912 ripen?¹
1070 2826 1125 2890 καί
1148 2821 1273 2911 ἄγγελοι
1297 2826 1354 2905 δέ,
1381 2855 1441 2916 φη-

337 3082 388 3134 etsi
404 3081 541 3134 sdmodum
561 3084 707 3152 insipiens,
738 3089 783 3155 qui
810 3086 964 3140 illusionem
992 3088 1054 3140 inde
1078 3089 1221 3155 concipiat.
1269 3104 1326 3142 non
1357 3093 1442 3161 igitur

335 3161 428 3219 aperte
448 3161 475 3204 et
491 3155 628 3208 inocculto
647 3158 710 3209 talin
732 3159 839 3212 omnino
859 3168 903 3210 aut
926 3161 1046 3224 cogitare
1066 3168 1110 3210 aut
1131 3160 1253 3226 prolerre
1278 3162 1369 3213 divini
1392 3182 1440 3231 pa.

336 3231 391 3274 tres
412 3232 439 3275 et
457 3225 591 3278 ecclesiae
609 3227 882 3295 magistri'sotctnat.
919 3232 1087 3298 qnodautcm
1107 3247 1121 3282 a
1141 3232 1190 3282 deo
1215 3231 1313 3283 lacturn
1336 3236 1370 3286 ad
1394 3253 1439 3288 ra.

335 3295 434 3345 tionem
454 3297 582 3362 quandam
602 3298 684 3350 locuti
709 3309 784 3364 sunt,
812 3303 961 3354 coercendo
988 3302 1053 3352 illud
1083 3303 1274 3370 quodammodo
1311 3313 1339 3356 et
1358 3305 1437 3359 brevi

336 3367 437 3416 cuidam
457 3367 602 3419 adiectioni
621 3372 764 3422 serviendo
793 3373 944 3422 inusitatum
969 3373 1157 3438 protulerunt,
1185 3373 1222 3423 ita
1242 3381 1271 3424 nt
1289 3373 1436 3430 absolutae

333 3437 452 3487 notionis
473 3446 499 3488 et
517 3440 721 3506 significationis
738 3451 827 3494 mente
844 3452 935 3494 nostra
953 3452 1064 3505 remota,
1085 3444 1134 3494 hac
1152 3444 1227 3495 brevi
1246 3450 1434 3510 praepositio.

333 3507 375 3558 nis
396 3508 480 3558 “sub”
500 3511 651 3562 adiectione
677 3515 787 3564 infinitis
807 3514 960 3581 quibusdam
981 3515 1075 3566 linibus
1096 3517 1367 3580 circumscripserint.
1406 3530 1434 3572 ut

332 3592 400 3629 varo
423 3577 484 3630 aliis
502 3583 665 3646 argumentis
684 3586 831 3636 orationem
858 3587 1064 3652 distinguamus,
1091 3594 1170 3653 poetn
1190 3585 1238 3636 ille
1255 3589 1345 3637 statim
1367 3593 1432 3642 milri

333 3658 470 3714 appareat.
508 3653 553 3718 qui
572 3654 653 3704 dicit:
672 3656 743 3722 signi
763 3657 899 3722 sepulchri
918 3659 956 3708 tui
972 3659 1111 3710 ostendisti
1124 3658 1187 3708 olim
1199 3657 1346 3709 dilatando.
1387 3674 1432 3718 aut

302 3718 304 3722 ’
332 3721 422 3794 potius
443 3719 500 3785 illa,
520 3725 588 3790 quae
609 3723 754 3792 Gregorius
773 3727 917 3796 theologus
929 3728 961 3779 dc
973 3729 1071 3794 pascha
1085 3729 1228 3780 disseruit:
1249 3730 1366 3796 quando,
1387 3735 1429 3784 in.

332 3791 399 3855 quit,
418 3805 515 3843 novum
538 3793 605 3846 illud
627 3795 700 3846 bibet
718 3798 745 3847 in
765 3813 849 3867 regno
869 3799 961 3866 patris,
982 3801 1025 3850 ubi
1044 3802 1147 3867 aperiet
1167 3809 1192 3852 et
1210 3800 1336 3866 docebit,
1361 3819 1429 3871 quae

330 3859 487 3924 imperiecta
504 3865 675 3932 significavit.
945 3859 953 3880 ⁸
1494 3839 1497 3962 ή

430 3947 563 4017 Videsne,
583 3955 716 4021 quomodo
735 3957 900 4024 praepositio
921 3958 1004 4010 “sub''
1025 3956 1171 4010 absolutam
1191 3960 1315 4012 veritatis
1334 3965 1426 4016 notio.

330 4030 390 4066 nem
409 4028 546 4085 removet,
576 4026 753 4078 adumbratam
781 4037 869 4080 autem
898 4037 925 4081 et
953 4045 1007 4081 non
1026 4030 1172 4082 abacturum
1192 4031 1363 4084 introducit?
1401 4046 1425 4089 et

330 4101 421 4138 rursus
439 4093 585 4144 testimonii
602 4112 683 4148 scena
700 4107 921 4152 commemoratur
934 4117 1027 4169 magna
1043 4117 1100 4152 cunr
1119 4103 1328 4170 magnificentia,
1349 4121 1423 4172 quam

330 4156 397 4240 deus
415 4158 544 4213 indicavit
563 4173 590 4215 et
606 4167 694 4220 bloses
714 4173 843 4222 exstruxit
863 4180 889 4224 et
912 4172 1032 4224 Beseliel
1058 4176 1204 4239 perlectum
1232 4174 1359 4243 reliquit,
1379 4187 1421 4244 ty.

329 4238 392 4294 pren
409 4232 498 4293 modo.
516 4235 625 4287 mininie
646 4240 680 4291 sd
697 4241 846 4294 verintenr.
884 4243 947 4296 vida
967 4245 1046 4310 enirn,
1066 4246 1162 4314 inquit,
1180 4251 1210 4295 ut
1228 4245 1313 4298 iacias
1330 4258 1421 4302 cuncta
