3184 5100
103 372 125 413 '
350 408 423 485 316
659 412 883 485 urcmnonr
917 414 1147 484 onnoonln
1317 412 1322 427 ·
1508 351 1509 414 l

512 536 518 551 ,
1508 499 1509 538 ι

347 576 488 663 γνωστόν
509 573 585 664 ἧμῖν
607 571 736 645 όόναται
761 582 906 663 γίνεσθαι
932 583 988 645 τοῦ
1014 582 1093 645 θεοό
1126 577 1180 645 διό
1202 580 1265 645 τόν
1287 567 1450 667 φαινομέ-

349 704 411 745 νων
434 682 603 745 adrodatur*
634 686 853 766 πεποιημένων
886 685 1050 763 ἐνεργειῶν
1069 686 1125 747 καί
1144 683 1328 776 δυνάμεων,
1350 687 1447 747 τοῦτο
1509 713 1510 802 η

349 789 414 856 τοϊς
435 782 469 845 ἐκ
490 781 658 867 διαφόρων
691 784 905 864 ἐτυμολογιῶν
925 777 1076 863 όνόμασιν
1099 782 1246 866 ἀλληλοις
1274 780 1449 866 ἐπιοημαι-
1509 811 1510 814 ’

349 884 472 962 νόμεθα
495 890 565 957 ταῖς
586 890 758 965 γνωμικαῖς
787 880 821 961 ἐξ
855 882 991 967 οἶνόγκης
1016 882 1108 967 ἡμῶν
1129 883 1209 947 κατὰ
1233 882 1269 947 τό
1292 884 1448 967 α’νόλογον
1509 913 1510 916 ’

347 986 492 1066 χρειάις,
522 986 579 1049 οόκ
606 982 750 1060 ότόκτως
772 988 826 1064 δέ,
851 988 906 1048 καί
926 982 970 1058 οός
990 980 1109 1073 ἑκάστην
1130 981 1168 1049 τό
1181 987 1244 1067 τῆς
1263 984 1471 1068 βονλησεωςὸ

349 1082 528 1169 όποτόθησι,
551 1087 705 1169 δρῶντες,
731 1085 812 1151 α’λλό
835 1094 900 1163 τοϊς
926 1089 989 1151 τῶν
1011 1090 1108 1150 θείων
1134 1089 1280 1167 ποτέρων
1300 1081 1447 1167 ἑπόμενοι

281 1193 339 1245 Μ
350 1184 504 1267 δόγμασιν
526 1180 605 1270 ἄχρι
625 1191 680 1251 κατ’
701 1189 757 1271 τῆς
778 1185 937 1273 τυχούσης
958 1189 1117 1271 γραμμῆς.
1162 1188 1287 1269 προότον
1304 1189 1365 1265 μὲν
1384 1185 1446 1269 γόρ
1510 1173 1511 1196 ¹

350 1284 366 1351 ό
390 1284 495 1371 σωτήρ
517 1284 551 1379 όν
571 1288 769 1371 εόογγελιόις
791 1290 952 1373 μηδεμιᾶς
981 1295 1195 1373 καταφρονεῖν
1219 1296 1376 1370 παραινεῖ
1395 1311 1448 1351 κε-

349 1392 442 1472 ραόας
463 1392 524 1453 τεόν
546 1392 579 1453 όν
598 1386 774 1472 μρόμμασρ
800 1390 898 1453 θείων
915 1390 1017 1453 αότοό
1040 1384 1293 1469 πραοταγμότων
1317 1393 1374 1453 κατ’
1395 1391 1448 1453 ε’ν-

281 1510 290 1517 ·
348 1491 466 1553 τολτόν·
510 1478 630 1552 οἷνοόκ
653 1482 714 1552 οἶδ’
738 1484 908 1572 όπότερον·
943 1483 965 1571 ἢ
994 1486 1057 1572 yu'p
1080 1491 1137 1552 οόκ
1159 1483 1372 1571 όκηκοαςέτι,
1394 1481 1511 1553 aat'llll

347 1591 436 1653 ταῦτ’
457 1586 490 1653 όν
511 1590 691 1665 ἐπισκόποις
716 1590 793 1675 (peri
810 1593 864 1673 τῆς
881 1590 1028 1677 α’τοπιάς)
1052 1591 1162 1670 τελοόν,
1184 1583 1206 1671 ἢ
1227 1588 1366 1665 οἰκούσας
1388 1594 1446 1653 οόκ

346 1676 462 1776 ᾔσθου.
515 1685 617 1765 ἔπειθ’
659 1678 711 1755 τόν
734 1687 831 1765 αότός
865 1690 1048 1775 διαβάλλεις
1085 1688 1141 1753 τόν
1170 1691 1245 1755 νοόν
1267 1690 1463 1784 ιθεολόγων

347 1794 403 1872 τῆς
426 1793 590 1875 ἐκκλησίας
622 1792 766 1875 α’νδραῖν,
793 1792 810 1854 ό
838 1796 899 1873 μὲν
920 1792 954 1855 όν
974 1793 1120 1878 θεολογόφ
1145 1793 1241 1873 με’γας
1271 1793 1303 1855 Γ
1301 1786 1447 1874 ρηγόριος
1511 1875 1512 1878 η

342 1886 456 1975 “ῆμεΐς
478 1889 534 1955 δό”
554 1916 651 1976 φησιν
661 1886 713 1957 “st'
728 1896 783 1957 καί
794 1897 891 1977 μέχρι
912 1895 966 1976 τῆς
979 1889 1139 1978 τοχοόσης
1154 1885 1320 1974 κεραιάςῆ
1340 1916 1447 1976 γραμ-
1511 1887 1512 1974 l

345 1996 407 2077 μῆς
428 1995 486 2055 τοῦ
509 1992 687 2072 πνεόματος
708 1993 765 2076 τὴν
788 1994 952 2077 α’κρίβειαν
974 1995 1122 2074 ἕλκοντες,
1148 1986 1264 2057 οόποτε
1287 1994 1446 2073 δεξόμεθα
1457 2012 1486 2065 15
1511 1997 1512 2010 ’

263 2167 267 2183 ³
348 2089 401 2177 (οὔ
423 2091 484 2177 γόρ
508 2085 611 2178 ὅσιον)
638 2094 714 2160 ον’όδ
738 2094 795 2168 τός
811 2098 983 2177 ἐλαχίστας
1005 2096 1133 2177 πρόξεις
1154 2094 1223 2181 εἰκῇ
1235 2094 1447 2177 σπονδασθη-

346 2219 399 2259 ναι
420 2203 485 2269 τοῖς
505 2194 712 2278 α’ναμρόψασι
737 2194 792 2261 κατ’
815 2196 912 2279 μέχρι
944 2198 1002 2260 τοῦ
1023 2193 1179 2277 παρόντος
1196 2197 1302 2283 μνήμη
1326 2199 1449 2262 διασω-
1512 2219 1513 2232 *

286 2302 289 2315 ¹
346 2299 462 2379 θῆναι,
496 2294 565 2359 ἀλλ’
596 2299 635 2359 ἵν’
656 2294 746 2378 ἡμεῖς
776 2293 901 2379 ἔχωμεν
935 2296 1147 2379 όπομνήματα
1163 2300 1224 2370 ,καί
1242 2297 1448 2379 παιδεύματα
1512 2285 1513 2316 ³

346 2398 402 2481 τῆς
422 2400 484 2462 τῶν
506 2391 625 2478 όμοόων
653 2395 757 2462 εἴποτε
791 2403 950 2479 συμπέσοι
980 2394 1092 2480 καιρός
1114 2400 1336 2482 διασκέψεως,
1365 2391 1449 2463 οόστε

346 2496 383 2565 τό
408 2501 467 2580 μὲν
487 2498 618 2586 φεύγειν
641 2497 680 2564 τό
703 2499 738 2564 δὲ
760 2496 938 2583 αἱρεῖσθαι,
962 2490 1027 2564 οἷον
1045 2497 1156 2563 κανόσι
1174 2502 1229 2564 κατ’
1248 2496 1359 2574 τόποις
1383 2507 1488 2577 euicto

283 2603 563 2682 ἷθπρολοβοόσιν
582 2595 728 2680 ἑπόμενοι
751 2600 1038 2683 παραδείγμασιν.”
1057 2597 1074 2662 ό
1097 2600 1132 2663 δὲ
1156 2605 1255 2684 μέγας
1276 2603 1449 2676 Βασιλειος

235 2757 238 2764 .
343 2697 447 2782 “xpri''
469 2723 549 2785 φησι
568 2695 642 2763 “ads
664 2696 725 2784 πρό
749 2699 930 2785 ὀφθαλμῶν
950 2697 1064 2782 ἔχοντα
1091 2702 1128 2763 τό
1148 2703 1203 2765 τοῦ
1226 2704 1375 2783 Χριστοῦ
1397 2703 1450 2765 δι-

351 2795 532 2887 καστήριον,
558 2801 614 2866 καί
635 2801 742 2868 εἰδότα
766 2796 839 2877 όσος
861 2799 1032 2878 όκόνδονος
1045 2802 1176 2888 α’φελεϊν
1195 2797 1226 2867 τι
1247 2793 1269 2886 ἢ
1290 2807 1451 2888 προσθεῖ-

348 3107 529 3186 significamus
546 3117 698 3174 nominibus
716 3117 803 3170 ductis
823 3133 857 3169 ex
874 3117 988 3169 diversis
1006 3113 1187 3167 notationibus
1206 3117 1361 3168 necessario
1381 3133 1449 3186 pro.

347 3199 407 3258 pter
426 3205 501 3242 usum
528 3198 647 3248 nostrum
673 3189 863 3241 sententiarum
893 3190 925 3240 ad
952 3187 1153 3240 similitudinem
1181 3187 1367 3253 formatarum
1388 3189 1449 3241 'uon

292 3311 296 3320 ,
347 3269 435 3314 autem
457 3261 516 3312 sine
535 3261 631 3330 regula
649 3269 677 3312 ut
696 3261 793 3328 cuique
812 3259 937 3330 voluntas
964 3260 1096 3329 suggerit,
1118 3257 1169 3309 boc
1194 3257 1315 3323 facimus,
1335 3260 1448 3312 seddi.

271 3361 278 3377 ·
347 3334 471 3386 vinorum
491 3341 593 3398 patrum
612 3333 750 3399 sequimur
768 3332 900 3400 dogmata,
919 3332 998 3382 immo
1023 3331 1102 3381 etiam
1121 3329 1213 3381 literas
1234 3329 1366 3383 fortuitas.
1388 3332 1449 3397 pri.

347 3419 416 3456 mum
437 3404 506 3454 enim
525 3412 649 3456 seruator
669 3404 696 3454 in
718 3402 869 3470 evangeliis
889 3411 998 3468 monet,
1018 3418 1054 3452 ne
1072 3409 1270 3453 contemnamus
1291 3418 1326 3452 ne
1341 3403 1449 3470 apicem

349 3476 455 3544 quidem
474 3473 558 3545 ullum
577 3476 709 3526 iussorum
730 3482 756 3525 et
774 3474 955 3526 mandatorum
983 3475 1040 3525 eius
1069 3472 1218 3524 divinorum
1241 3489 1309 3540 quac
1328 3474 1356 3524 in
1375 3475 1447 3526 scri.

347 3556 424 3616 ptura
440 3547 630 3614 reperiuntur:
652 3560 763 3613 quorum
776 3547 870 3596 nescio
889 3553 984 3610 utrum,
1003 3553 1049 3596 aut
1061 3544 1130 3595 enim
1148 3558 1202 3594 non
1221 3545 1348 3597 audivisti
1367 3545 1448 3609 baec,

348 3633 406 3670 cum
426 3619 505 3669 etiam
521 3617 588 3669 baec
607 3617 693 3668 adbuc
715 3625 808 3668 contra
822 3618 974 3684 episcopos,
993 3632 1041 3683 pro
1052 3616 1177 3682 ineptias,
1199 3630 1273 3683 agas,
1292 3625 1339 3667 aut
1355 3632 1447 3686 quan.

298 3708 301 3720 t
347 3705 425 3760 quam
445 3690 588 3755 audivisti,
614 3703 668 3740 non
688 3689 857 3740 intellexisti.
894 3689 991 3739 deinde
1006 3687 1195 3755 theologorum
1221 3688 1354 3739 ccclesiae
1375 3703 1449 3756 quo-

346 3777 404 3814 rum
423 3769 452 3812 tu
471 3761 560 3813 differs
580 3760 747 3814 sermonibus
766 3761 914 3813 sententias
932 3774 1043 3826 magnus
1067 3759 1116 3810 ille
1137 3758 1241 3825 quidem
1259 3760 1287 3810 in
1305 3758 1449 3827 theologia

348 3832 510 3899 Gregorius:
531 3848 581 3885 uos
600 3840 698 3896 autem,
717 3833 814 3900 inquit,
834 3831 900 3883 licet
920 3832 997 3882 etiam
1018 3835 1047 3882 in
1067 3831 1177 3882 fortuito
1197 3832 1275 3897 apice
1291 3839 1338 3882 aut
1357 3830 1448 3882 literis

347 3903 457 3970 spiritus
477 3905 674 3956 accurationem
690 3903 857 3967 adhibentes,
876 3917 1009 3970 nunquam
1023 3901 1126 3969 capturi
1146 3901 1247 3953 simus:
1268 3917 1357 3970 nequo
1376 3902 1448 3953 enim

348 3981 389 4026 est
407 3975 514 4037 iustum,
534 3977 654 4028 minimas
674 3990 781 4044 quoque
802 3990 846 4027 ras
865 3982 966 4026 temere
992 3973 1099 4026 tractari
1121 3988 1135 4022 a
1155 3973 1331 4040 scriptoribus
1351 3981 1379 4025 et
1399 3988 1448 4023 us-

348 4061 400 4115 que
419 4045 451 4096 ad
470 4043 522 4095 boc
541 4053 644 4113 tempus
663 4047 790 4098 memoria
809 4047 931 4110 serrari,
951 4045 1045 4098 saltem
1064 4053 1093 4096 ut
1112 4042 1254 4096 babeamus
1276 4045 1450 4096 recordatio.

346 4133 406 4169 ncm
427 4124 454 4166 et
473 4115 666 4169 institutionem
693 4117 895 4170 deliberationis
921 4117 1061 4181 similium,
1093 4117 1237 4167 occasione
1263 4117 1342 4180 data,
1363 4117 1401 4166 ita
1420 4121 1451 4164 ut

308 4243 310 4246 ,
348 4189 414 4240 baec
434 4187 575 4254 fugiamus,
595 4188 643 4240 illa
662 4189 843 4254 praeferamus
871 4198 995 4256 tanquam
1015 4187 1123 4256 regulas
1150 4195 1177 4238 ct
1196 4196 1341 4255 prototypa
1360 4187 1452 4240 secuti

352 4259 508 4328 praeeuntia
535 4259 665 4326 exempla.
711 4275 821 4327 magnus
847 4269 933 4311 antem
952 4259 1068 4312 Basilius
1102 4267 1225 4326 oportet,
1253 4259 1359 4328 inquit,
1379 4273 1452 4322 eum,

352 4332 397 4403 qui
419 4336 481 4386 onte
501 4329 596 4385 oculos
616 4329 696 4383 habat
714 4331 813 4386 Christi
831 4332 958 4385 iudicium
972 4347 1061 4401 nequa
1071 4325 1186 4402 ‘ignorat
1203 4338 1329 4400 quantum
1338 4331 1452 4400 pericu.
