3184 5100
331 378 406 461 aot
534 372 539 377 '
639 390 865 463 urcuraom
895 384 1125 459 cnaeoala

330 550 474 631 ἆτελοῦς.
515 559 545 623 εἰ
566 553 626 640 γὰρ
654 554 797 640 α’λλὴλων
820 548 942 640 ἄλληλα
965 556 1138 639 διαφέρει,
1160 552 1326 635 ἐστέρηται
1349 550 1440 615 πάν·

197 663 217 719 l.
234 664 283 720 143
297 680 319 719 r.
331 679 392 732 τως
415 655 558 741 ciiiilius
591 648 713 742 ἄλληλα
742 658 816 720 καθ’
846 649 864 717 i*
888 657 1064 741 -διαφέρει,
1093 652 1149 719 καί
1180 654 1298 735 γίνεται
1330 651 1439 716 δύνα-

330 784 385 841 μις
417 762 476 841 μὲν
499 750 619 844 οἴσοφος
641 754 740 842 σοφία
769 759 799 821 δ’
821 754 1000 841 α’ὁολναμος,
1035 753 1090 819 aci
1117 752 1192 828 θεὸς
1225 744 1349 838 ἄσοφος
1379 749 1439 816 καί

333 856 507 941 αἰλιλναμος,
535 860 590 922 ani
613 856 664 922 αέἰ
682 856 762 923 κατὰ
783 855 838 923 τὸν
857 850 966 937 ὅμοιον
994 844 1110 939 τρόπον
1132 851 1326 940 ὲστερημὲνα
1350 849 1442 917 παλαι

264 976 318 1027 eu
333 984 395 1025 τοον
419 955 545 1023 ἅπαντα
572 962 627 1023 κατ’
649 956 784 1039 δεόμενα
808 958 953 1041 οἷλληλοον
976 946 1109 1038 ἄλληλα.
1153 957 1235 1041 φησι
1252 955 1312 1038 γα’ρ
1336 951 1395 1019 aot*
1415 949 1464 1037 65

330 1056 478 1140 θεολόγος
490 1060 518 1123 Γ
517 1056 664 1143 ρηγόριος
683 1057 753 1133 “vti
776 1057 910 1133 ἀτελοῦς
931 1058 1078 1141 θεότητος
1093 1048 1228 1140 ὄνησις,
1250 1060 1372 1136 μᾶλλον
1395 1058 1433 1119 δὲ

330 1164 375 1235 τίς
394 1160 509 1245 θεότης
533 1155 615 1241 ῆμὴ
637 1162 762 1239 τελείας
787 1163 891 1223 τελεία
913 1160 949 1222 dd
969 1159 1035 1231 πῶς
1057 1144 1076 1243 ᾖ
1098 1158 1199 1221 λείπει
1220 1181 1249 1222 τι
1273 1154 1353 1237 πρὸς
1377 1180 1436 1221 τε-

329 1262 472 1340 λείωσινς
497 1263 596 1323 λειίιει
617 1262 652 1322 dl
682 1258 808 1335 πάντως
830 1256 875 1343 μὴ
898 1256 1015 1347 ἑχοόση
1038 1256 1074 1321 τὸ
1094 1252 1195 1340 ἅγιον.
1250 1256 1319 1342 ἔχοι
1344 1260 1373 1322 δ’
1392 1252 1435 1322 ἂν

333 1362 410 1437 πῶς,
432 1355 479 1445 μη,
497 1363 587 1426 τοῦτο
611 1358 730 1443 ἔχουσα
738 1388 749 1442 ,·
773 1364 803 1426 εἰ
816 1359 877 1444 γοὶρ
900 1350 980 1443 ἄλλη
997 1383 1045 1435 τις
1065 1356 1152 1443 παραὶ
1178 1361 1271 1424 τοῦτο
1292 1358 1314 1442 ἦ
1338 1356 1435 1443 ἅγιό-

330 1484 396 1545 της,
420 1460 473 1525 καί
494 1458 583 1536 εἴτις
607 1458 687 1547 αὕτη
710 1471 841 1540 νοεῖται,
863 1464 987 1542 λεγέτω,
1010 1460 1082 1536 τι’ς”.
1126 1463 1184 1525 aut*
1196 1458 1213 1524 ὅ
1235 1464 1338 1544 μέγας
1360 1464 1437 1525 Bc·
1445 1485 1481 1537 10

329 1565 446 1637 σιλειος
468 1559 522 1626 “ei
547 1559 644 1646 φύσις
674 1557 784 1651 orire?
818 1560 917 1648 φησὶν
943 1557 983 1624 “ri
1006 1558 1163 1643 ἁγιασμὸς
1192 1556 1235 1636 ὥς
1255 1559 1356 1646 πατρὶ
1377 1564 1436 1625 act*

331 1658 400 1749 υἱῷ,
425 1663 491 1736 πῶς
517 1665 622 1745 τρίτης
653 1664 722 1727 ε’στί
753 1667 809 1727 καί
838 1663 1010 1745 οἷλλοτριάς
1049 1658 1216 1747 prienaee?
1249 1664 1305 1726 καί
1333 1662 1433 1726 πάλιν

325 1760 490 1845 “dyadis‘'
519 1762 601 1849 φησί
627 1760 681 1827 “ri
707 1767 833 1844 πνεῦμα
858 1760 1075 1847 ὦς’ἅγαθόςό
1099 1760 1201 1848 πατὴρ
1230 1766 1286 1827 ani
1307 1761 1434 1846 α’γαθός

332 1861 404 1927 iix
423 1866 480 1931 τοῦ
514 1862 640 1947 α’γαθοῦ
673 1868 856 1946 γεννηθείς,
887 1865 1000 1928 οὕσιάν
1021 1862 1104 1948 ἔχων
1129 1860 1187 1947 την
1209 1864 1434 1948 α’γαθιλτητα.”

268 1964 406 2053 nippis
430 1967 496 2039 πῶς
520 1960 581 2046 οὐχ
603 1967 710 2049 ἕτερον
745 1966 799 2049 τῆς
824 1964 927 2048 ἁπλῆς
960 1967 1015 2029 καί
1036 1970 1126 2039 θείας
1160 1964 1273 2039 οο’σιἀς
1302 1962 1481 2047 ἆγιὸτηςς5

332 2068 386 2131 καί
405 2065 567 2151 α’γαθότης
602 2069 656 2132 noi
689 2068 832 2151 ἐνέργεια
864 2065 920 2129 καί
948 2064 1164 2147 τὰτοιαῦτα,
1194 2061 1434 2130 α’λλὸταολτόν.

331 2164 406 2233 ἑλοῦ
427 2169 543 2251 τοίνυν,
567 2160 594 2231 αἶ
616 2172 702 2233 ιιαινὲ
724 2166 876 2252 θεολόγε,
898 2170 962 2232 τοῖν
994 2168 1148 2249 ἀσεβειῶν
1178 2165 1333 2251 ὁποτέραν
1357 2168 1437 2230 ἐθέ-

331 2277 405 2345 λεις.
434 2269 561 2344 ια’θεῖας
581 2267 640 2353 γάρ
664 2266 720 2333 καί
740 2270 914 2344 πολυθεΐσς
945 2266 983 2333 τοὶ
1010 2271 1126 2332 τοιαῦα
1152 2274 1244 2355 φέρει
1274 2291 1325 2333 σοι
1354 2293 1438 2353 κρη-

332 2367 420 2453 μνόν,
444 2365 498 2433 ὑπ’
520 2368 666 2452 α’λλὴλων
682 2368 871 2453 ἐλεγχόμενα
889 2372 944 2435 καί
965 2370 1030 2433 κατ’
1050 2370 1194 2454 ἀλλήλοιν
1209 2367 1436 2447 στασιάζοντα.
1508 2441 1510 2450 ,

335 2469 367 2536 τὸ
390 2472 449 2552 μὲν
467 2467 527 2556 γὰρ
554 2465 662 2534 ἄνισον
692 2468 726 2534 ἐν
758 2477 824 2546 τοῖς
845 2476 971 2546 πολλοῖς
993 2472 1115 2555 ἐλέγχει
1142 2467 1177 2534 τὸ
1200 2470 1357 2556 διάφορον
1380 2473 1481 2560 καίηη
1517 2485 1518 2524 l

290 2645 296 2650 ,
336 2566 519 2652 οἷσομβατον
539 2572 595 2653 τῆς
618 2571 810 2646 πολοθεΐας·
831 2570 851 2654 ἦ
873 2573 909 2635 δὲ
931 2573 1087 2637 meirisin
1117 2571 1256 2658 cappari
1277 2567 1335 2655 την
1359 2571 1438 2635 ιλια-

335 2879 494 2950 preveniant
512 2892 623 2932 numere
645 2876 727 2945 duali,
747 2879 812 2934 daus
828 2880 963 2934 increatus
988 2887 1015 2934 et
1033 2879 1150 2935 risibilis
1176 2878 1322 2935 secundum
1339 2885 1384 2944 te,
1404 2884 1433 2932 et

335 2952 466 3022 quomedo
493 2951 569 3003 multi
588 2949 632 3003 d'ei
652 2951 696 3016 li,
722 2953 767 3020 qui
793 2954 993 3005 consociatione
1016 2955 1054 3006 ita
1072 2953 1219 3021 procedant
1236 2967 1342 3019 semper
1361 2966 1433 3002 con.
1517 2958 1518 2965 ’

335 3031 406 3077 stent
427 3038 485 3074 cum
504 3022 672 3090 imperfecto,
693 3024 791 3080 etenim
810 3025 834 3076 si
853 3025 940 3076 omnia
958 3026 1029 3077 inter
1054 3041 1084 3078 se
1102 3025 1236 3089 differunt,
1256 3023 1349 3076 orbata
1368 3029 1431 3074 sunt
1517 3088 1518 3093 Ἰ

334 3109 364 3148 sc
387 3093 552 3147 invicemilla
577 3095 647 3163 quod
673 3095 705 3146 ad
724 3095 900 3148 differentiam
921 3097 1031 3160 attinet,
1062 3104 1089 3148 et
1117 3097 1206 3149 evadit
1228 3097 1271 3148 vis
1289 3095 1431 3160 iusipiens,
1517 3130 1518 3133 ,

334 3167 466 3233 sapientia
485 3166 587 3218 infirma
612 3174 639 3217 et
666 3166 730 3217 deus
750 3167 881 3234 insipieus
910 3176 936 3218 ct
958 3168 1092 3232 infirmus,
1114 3176 1141 3218 et
1158 3182 1264 3234 semper
1282 3165 1364 3219 simili
1383 3181 1430 3215 ra-

332 3241 406 3292 tione
425 3237 489 3288 orba
516 3237 637 3288 omnibus
657 3239 763 3302 omnia,
784 3247 811 3288 et
835 3239 954 3290 carentia
980 3239 1154 3291 seinvicem.
1197 3240 1236 3289 ait
1261 3238 1330 3289 enim
1349 3237 1430 3286 etiam

334 3310 479 3377 Gregorius
500 3308 659 3376 theologus:
682 3324 749 3375 quae
768 3309 915 3361 divinitatio
933 3309 1107 3376 imperfectae
1130 3309 1241 3373 utiliter,
1260 3310 1321 3361 sive
1339 3308 1430 3374 potius

333 3397 402 3451 quae
436 3389 476 3434 est
495 3380 635 3442 divinitas,
661 3395 729 3446 quae
752 3394 807 3430 non
826 3381 861 3432 sit
877 3381 1014 3448 perlecta,
1040 3382 1160 3447 perlecta
1189 3388 1277 3432 autem
1295 3378 1428 3447 quomodo
1517 3376 1518 3433 J

334 3469 393 3505 esse
411 3459 510 3518 petest,
531 3451 573 3502 cui
593 3451 662 3502 desit
685 3451 786 3519 aliquid
810 3452 842 3503 ad
859 3451 1074 3517 perfectionem?
1119 3453 1196 3504 deest
1214 3459 1302 3503 autem
1321 3449 1428 3500 omnino
1517 3442 1518 3459 ¹

318 3539 386 3576 -nou
406 3523 514 3576 habenti
533 3530 661 3584 sanctum,
681 3521 813 3590 quomodo
833 3531 920 3574 autem
938 3522 1050 3588 habeat,
1069 3524 1092 3575 si
1110 3524 1162 3575 hoc
1181 3538 1235 3574 uon
1254 3519 1355 3574 habet?
1385 3527 1430 3569 et.

335 3596 403 3646 enim
422 3597 446 3648 si
462 3593 517 3646 alia
540 3603 620 3661 atque
639 3593 691 3644 hoc
711 3601 750 3646 est
770 3596 911 3658 sanctitas,
940 3610 972 3646 ac
999 3596 1092 3663 siqua
1112 3610 1144 3646 ea
1163 3597 1315 3663 cogitatur,
1335 3591 1429 3654 dicito,

335 3681 412 3734 quae.
449 3675 476 3717 et
501 3681 611 3734 magnus
630 3665 761 3730 Basilius,
785 3667 809 3717 si
837 3666 1013 3718 sanctificatio
1033 3669 1073 3730 ei,
1098 3667 1205 3734 inquit,
1230 3672 1270 3717 est
1288 3671 1383 3715 natura
1399 3668 1431 3711 nt

226 3756 231 3761 ·
333 3738 401 3804 patri
422 3745 448 3788 ct
467 3737 532 3801 lilio,
553 3736 684 3804 quomodo
702 3737 799 3787 tertiae
819 3744 904 3788 estet
922 3737 1029 3789 alienae
1048 3735 1180 3788 naturae?
1207 3745 1234 3788 et
1253 3749 1358 3798 rursus,
1376 3732 1428 3784 lio-

333 3801 382 3857 nris
403 3815 451 3872 eat,
471 3809 567 3875 inquit,
588 3809 697 3874 spiritus
716 3815 745 3858 ut
762 3807 848 3859 bonus
867 3816 943 3874 pater
968 3817 995 3860 et
1012 3809 1097 3861 bouus
1122 3810 1145 3861 is
1165 3809 1211 3876 qui
1234 3823 1267 3858 ex
1284 3806 1355 3857 bono
1377 3819 1430 3872 ge.

334 3886 442 3929 uerutus
462 3886 519 3940 est,
540 3881 682 3930 essentiam
701 3878 802 3930 habens
820 3879 975 3931 bonitatem.
1013 3881 1088 3932 vides
1104 3895 1158 3931 nou
1177 3881 1310 3930 diversam
1328 3892 1345 3927 a
1363 3877 1429 3927 sim-

334 3947 413 4014 plici,
429 3956 456 3998 et
474 3949 565 4000 divina
583 3952 699 4001 essentia
725 3966 785 4015 esse
803 3952 970 4004 sanctitatem
998 3959 1026 4002 et
1044 3951 1187 4003 benitatem
1212 3957 1239 4001 et
1257 3948 1429 4000 efficientiam

336 4017 454 4082 attalia,
474 4019 521 4070 sed
541 4021 666 4090 eandem
698 4021 769 4089 elige
789 4023 873 4091 igitur
893 4031 999 4088 utrum,
1019 4038 1034 4074 ο
1054 4022 1283 4090 theologorum,
1303 4018 1429 4084 impieta-

335 4098 388 4142 tem
407 4089 502 4153 malis3
521 4089 587 4140 talia
606 4094 691 4157 euim,
717 4108 766 4159 per
784 4108 814 4145 se
834 4095 950 4146 invicem
975 4095 1079 4146 detecta
1099 4102 1125 4144 et
1153 4100 1294 4144 contrane
1313 4091 1430 4152 invicem

335 4161 480 4230 pugnantia
506 4160 554 4211 tibi
579 4161 693 4214 afferunt
720 4164 873 4217 barathrum
897 4167 1028 4233 dogmatis
1053 4164 1154 4217 nullius
1178 4164 1223 4215 dei
1243 4170 1269 4215 et
1287 4160 1430 4212 multorum

335 4234 453 4286 deorum.
491 4231 619 4283 dissimile
641 4234 756 4285 enimin
775 4235 897 4302 plurimis
923 4238 1025 4305 detegit
1048 4237 1230 4289 diversitatem
1249 4231 1430 4307 etsdissocia-

284 4329 286 4346 ι
335 4305 436 4364 tionem
453 4301 605 4372 multorum,
624 4305 719 4378 dogma
738 4301 826 4362 autem
844 4306 985 4365 multorum
1002 4309 1113 4363 deorum
1132 4323 1191 4361 cum
1209 4312 1359 4378 concretam
1378 4301 1430 4357 ha-
