3184 5100
334 350 411 429 tm
639 352 867 440 umnanoar
899 322 1130 439 emanata

335 531 511 617 ἐπιστήμην
540 532 618 618 μήτε
648 531 744 597 θείαν
774 530 846 617 μήτ’
881 531 1105 619 ύνθρωπινην,
1139 534 1218 620 μήτε
1240 531 1336 621 λόγον
1358 530 1452 615 ἔχειν
1499 576 1500 625 3

336 631 449 700 ούδένα
473 634 574 721 λέγειν
592 660 625 701 τι
643 636 706 699 τῶν
726 628 824 701 ὄντων
855 632 1000 701 ἅνούσιον
1021 632 1146 721 ἐρατόν.
1195 635 1301 701 καίτοι
1324 637 1450 713 ἐκεῖνος
1499 626 1500 685 l

334 742 394 826 μὲν
413 735 537 803 κτιστύν
558 736 658 821 λέγων
684 734 761 800 θεὸν
789 732 878 819 ὅμως
913 734 1030 822 δρατδν
1059 734 1114 799 nain
1141 737 1282 822 ἐδυνήθη
1305 760 1448 822 προσει-

335 849 423 918 πεῖν·
476 836 649 925 ύπέρτερον
673 834 735 923 γὰρ
765 840 828 901 τῶν
854 836 1025 923 ἀημελικῶν
1059 836 1174 902 οὐσιῶν
1197 837 1446 923 ἀποφηναμένη

335 943 372 1008 ού
393 942 479 1026 μέντ’
504 935 542 1004 ἐν
560 937 648 1025 αὐτῷ
671 935 806 1002 δυνατὸν
835 936 942 1002 ἔπειτα
968 931 1017 1022 ἦν,
1048 937 1194 1021 ἀοράτων
1222 938 1357 1003 ἐκείνων
1390 935 1468 1011 ori-5
1499 970 1500 1021 3

334 1048 409 1121 σῶν,
432 1039 549 1128 ύρατδν
568 1037 664 1103 αύτδν
693 1035 906 1124 δογματίσαι·
958 1040 1125 1121 Παλαμᾶς
1153 1037 1262 1103 δὲκαὶ
1285 1039 1446 1124 συλλογί-

263 1156 271 1172 ’
332 1148 458 1211 σασθαι
477 1140 645 1225 τετόλμηκε
665 1138 706 1203 τοὶ
727 1138 950 1224 ἀσυλλόγιστα,
970 1138 1027 1203 καί
1059 1139 1244 1225 ἐξηρεύξατο
1265 1137 1308 1203 τὰ
1334 1138 1445 1223 υἷσύμ-
1499 1152 1500 1167 ’

330 1245 432 1331 βλητύ
452 1266 486 1306 τε
505 1240 560 1305 καί
580 1236 625 1319 οἷς
648 1239 767 1307 ἐπίπαν
796 1238 986 1326 ἀσύμφωνα,
1016 1237 1053 1303 ού
1076 1239 1158 1305 κατὰ
1179 1240 1350 1326 ποιητικήν
1372 1265 1445 1305 τινα

330 1349 393 1409 τῶν
414 1343 559 1429 θύραθεν
592 1338 725 1419 ἄδειαν,
758 1339 840 1405 ἀλλὰ
867 1338 948 1405 κατὰ
971 1339 1205 1426 ἀνεπιστήμονα
1234 1340 1443 1425 Παλαμικην

331 1445 527 1510 αύθύδειανῐ
570 1435 644 1506 οὔτε
660 1440 722 1528 γὰρ
747 1439 854 1507 ου’δενί
871 1445 934 1507 τῶν
954 1441 1100 1529 θύραθεν
1114 1445 1224 1528 σοφῶν
1246 1440 1374 1507 πώποτ)
1398 1443 1442 1519 εἰς
1452 1462 1475 1515 10

329 1548 404 1611 νούν
423 1544 551 1628 τοιαύτη
571 1568 619 1621 τις
637 1541 761 1629 ἠνέχθη
773 1544 929 1629 τερατεία,
952 1538 1022 1609 οὔτε
1036 1540 1100 1628 μην
1121 1545 1302 1629 βαρβάρων
1328 1542 1442 1625 ἔψαυ-

330 1645 368 1712 σί
387 1670 471 1722 Ιτινος
491 1644 643 1729 λογισμοῦ
665 1643 833 1730 τηλικαύτη
853 1644 963 1731 μωρία
980 1644 1085 1737 μέχρι
1102 1643 1159 1709 καί
1176 1644 1324 1729 τήμερον.
1374 1645 1440 1708 λεί-

330 1770 423 1811 πεται
444 1738 500 1811 ούν
518 1746 673 1809 ἐνταυθοῖ
699 1744 876 1830 γενομένοις
902 1746 958 1811 καί
980 1744 1073 1831 η’μῖν,
1102 1746 1211 1831 σιωπῇ
1240 1742 1441 1809 τὰτοιαῦτα

328 1845 585 1930 βδελυξαμένοις,
606 1842 704 1929 α’κοην
729 1848 956 1932 παραδραμεῖν
978 1845 1123 1931 μανιώδη
1152 1844 1208 1910 καί
1241 1846 1441 1928 δυσσεβείας

328 1946 455 2033 μεστήν·
680 1931 689 1952 ‘
1154 1958 1156 1969 '
1451 1970 1475 2023 ο

264 2054 319 2107 82
413 2048 504 2135 Περί
514 2047 576 2132 μὲν
588 2041 645 2111 σύν
664 2048 721 2112 τού
733 2043 914 2135 δτίφῶςέν
929 2043 1071 2113 inumb
1090 2044 1207 2132 ἐστινὴ
1219 2047 1280 2130 μία
1301 2046 1363 2113 καί
1373 2075 1439 2131 μα-

230 2177 233 2188 ¹
327 2149 426 2235 καρίοι
439 2149 495 2215 καί
511 2146 655 2234 ποιητικὴ
671 2151 733 2214 τῶν
750 2154 818 2232 μετ
840 2147 936 2235 αύτῆν
956 2148 1104 2215 ἁπάντων
1121 2145 1438 2233 θεότηςῆτρισυπό-

329 2274 450 2329 στατος,
470 2247 510 2336 ἢν
526 2249 631 2328 οὐδείς
643 2246 707 2315 σία)
720 2244 802 2315 εἶδεν
817 2245 880 2316 οὔτ’
895 2252 976 2315 ἰδεῖν
991 2251 1131 2328 δύναται,
1143 2248 1183 2315 τοὶ
1204 2252 1240 2315 δὲ
1252 2256 1322 2333 μετ’
1336 2248 1438 2334 αὐτὴν

330 2352 433 2416 ποίντα
450 2352 569 2434 κτιστύ,
588 2353 645 2417 καί
663 2349 713 2417 δτι
732 2348 831 2438 ἐρατὴ
843 2353 903 2435 μὲν
916 2353 1094 2439 θεοφύνεια
1108 2350 1231 2437 λέγεται
1246 2357 1316 2429 τοῖς
1330 2348 1438 2436 οἷγίοις

206 2450 349 2536 smmi}
373 2476 407 2516 τε
428 2450 509 2538 σὰρξ
531 2454 587 2517 τού
607 2454 721 2539 κυρίου
741 2452 796 2517 καί
815 2450 850 2516 τδ
872 2455 905 2518 ἐν
926 2455 972 2544 τῷ
987 2453 1148 2539 Θαβωρίηι
1171 2453 1273 2517 πάλαι
1294 2455 1342 2540 τῷ
1367 2446 1468 2535 ὅρειρο

326 2553 537 2638 περιλάμψαν
551 2551 585 2617 τδ
598 2556 654 2618 τού
671 2554 786 2639 κυρίου
800 2554 972 2639 πρόσωπον
985 2557 1063 2640 φῶς,
1076 2553 1112 2617 ού
1123 2553 1186 2638 μὴν
1200 2548 1343 2618 ἐκτιστοι
1358 2554 1436 2619 θεό-

221 2705 227 2714 .
325 2673 422 2741 τητες,
441 2653 498 2717 καί
522 2649 570 2718 ὅτι
592 2655 633 2718 δι’
655 2652 760 2718 αύτῶν
779 2654 981 2740 παρεδείχθη
1004 2654 1063 2738 μὲν
1087 2653 1142 2718 ούκ
1167 2655 1301 2740 ἐδείχθη
1325 2658 1356 2720 δ’
1380 2650 1435 2721 σύν

326 2997 460 3068 puerilem
483 2991 617 3052 inscitiam
644 3006 674 3052 nt
697 2998 931 3054 insubstantialem
959 3000 1095 3054 visibilem
1120 3000 1265 3054 nominarit
1291 3002 1432 3059 deitatem.

324 3085 415 3140 neque
447 3071 517 3122 enim
546 3087 607 3124 esse
630 3072 665 3124 ad
689 3071 857 3140 disciplinam
881 3087 934 3124 nec
957 3072 1073 3126 divinam
1100 3088 1189 3142 neque
1215 3072 1357 3128 humanam
1379 3093 1433 3129 nec

325 3157 432 3196 cansam
452 3157 512 3195 csse
530 3141 612 3194 ullam
632 3158 680 3196 cur
698 3143 801 3212 aliquid
821 3144 906 3196 exiis
926 3159 994 3212 qnae
1013 3151 1074 3196 sunt
1089 3143 1297 3197 insubstantiale
1319 3148 1432 3200 visibile

324 3215 484 3268 nominaret.
506 3222 534 3266 et
552 3216 673 3282 quamvis
685 3215 736 3266 ille
755 3224 873 3268 creatum
892 3216 994 3267 diceret
1012 3217 1099 3280 deam,
1118 3224 1207 3268 tamen
1219 3216 1356 3270 visibilem
1375 3235 1431 3271 non

323 3293 431 3353 poterat
450 3285 557 3337 addere.
577 3288 742 3354 superiorem
763 3288 834 3338 enim
854 3285 984 3354 angelicis
1004 3287 1128 3339 essentiis
1153 3303 1237 3355 quum
1252 3287 1430 3356 declarasset,

322 3356 401 3408 nullo
419 3364 494 3408 certe
512 3357 609 3421 modo,
627 3373 706 3425 quum
731 3356 797 3410 illae
825 3357 978 3412 invisibiles
1007 3359 1062 3410 sint
1082 3373 1141 3409 eum
1161 3357 1298 3410 visibilem
1317 3361 1429 3414 docere.

222 3463 229 3480 r
324 3427 444 3480 Palamas
472 3436 671 3495 argumentatus
700 3437 742 3481 est
763 3429 797 3480 de
828 3429 861 3482 iis
884 3443 953 3497 qnae
977 3428 1010 3480 ab
1037 3430 1202 3498 argumentis
1229 3430 1378 3485 abhorrent
1403 3442 1430 3486 et
1499 3463 1500 3502 1

324 3499 459 3552 eructavit
476 3497 590 3550 obscura
612 3508 639 3551 et
658 3501 766 3568 inepta,
784 3515 839 3551 non
857 3501 890 3552 ad
910 3502 1043 3568 poeticam
1063 3501 1192 3568 quandam
1211 3501 1360 3568 licentiam,
1381 3506 1430 3558 sed

323 3571 356 3642 ud
374 3571 522 3638 imperitam
541 3568 664 3622 Palamae
682 3572 867 3623 temeritatem.
886 3571 987 3624 nemini
1007 3565 1077 3623 enidr
1096 3572 1269 3639 profanorum
1288 3574 1429 3628 doctorum
1499 3595 1500 3646 ρ

322 3655 439 3710 unquam
467 3642 495 3692 in
524 3651 639 3694 mentem
667 3643 744 3695 venit
771 3642 834 3694 talis
866 3643 1010 3696 ostentatio
1041 3659 1130 3712 nequa
1158 3645 1227 3711 apud
1253 3645 1429 3700 barbarorum

325 3727 482 3781 quamquam
503 3713 566 3766 talis
586 3715 788 3782 argumentandi
807 3715 917 3766 inventa
937 3721 1081 3783 estusque
1100 3714 1132 3766 ad
1153 3715 1225 3767 bunc
1244 3717 1324 3768 diem.

422 3799 517 3851 Restat
534 3801 635 3868 igitur,
655 3807 685 3852 nt
701 3815 751 3853 nos
771 3802 817 3869 qni
840 3801 892 3853 buc
917 3803 1088 3869 pervenimus
1107 3801 1218 3854 silentio
1237 3803 1302 3854 talia
1320 3805 1428 3857 abomi.

265 3903 273 3911 ›
323 3885 418 3922 namur
435 3877 463 3920 et
480 3873 628 3922 orationem
646 3879 812 3924 transeamus
831 3874 950 3924 insanam
973 3881 999 3924 et
1020 3873 1164 3940 impietatis
1184 3874 1298 3942 plenam
1339 3875 1428 3928 lucem

322 3942 408 4008 igitur
426 3955 504 3992 unam
523 3941 597 3993 illam
622 3944 767 3996 increatam
793 3959 853 3996 esse
879 3944 984 3996 beatam
1010 3952 1037 3996 et
1055 3951 1204 3997 ceterarum
1224 3945 1340 3997 omnium
1360 3961 1427 4014 pro.

325 4012 482 4063 creatricem
501 4013 625 4065 deitatem
644 4014 729 4066 tribus
759 4015 882 4084 personis
904 4023 1069 4068 constantem
1092 4033 1170 4086 quam
1194 4032 1272 4068 nemo
1292 4018 1362 4070 vidit
1375 4035 1426 4070 nec

323 4082 443 4150 potuerit
460 4083 563 4135 videre.
601 4093 691 4137 cetera
709 4095 797 4138 antem
821 4092 929 4153 praeter
956 4087 1030 4139 illam
1051 4104 1110 4140 esse
1135 4095 1224 4140 creata
1244 4095 1270 4138 et
1289 4088 1426 4141 visibilem

325 4167 386 4205 essa
403 4154 645 4206 manifestationem
664 4158 796 4209 nominari
818 4173 833 4208 a
852 4158 952 4210 sanctis
970 4174 1092 4224 carnem,
1112 4159 1253 4228 lucemque
1274 4171 1344 4227 quae
1362 4159 1426 4212 olim
1499 4181 1500 4224 i

320 4225 353 4276 in
372 4232 462 4276 munte
481 4225 585 4278 'lhabcr
603 4226 702 4278 domini
721 4229 818 4279 laciem
844 4230 1026 4294 circumdedit,
1046 4238 1120 4282 certe
1138 4244 1193 4281 nou
1211 4232 1345 4282 increatas
1365 4231 1426 4283 dei.
1499 4229 1500 4242 ³

323 4300 410 4363 tates,
441 4303 468 4347 et
494 4297 636 4348 indicatam
657 4298 691 4349 iis
712 4314 792 4364 esse,
810 4313 864 4353 σου
883 4301 1077 4354 manifestatam
1096 4301 1200 4358 animm
1218 4300 1292 4354 illam
1314 4303 1424 4359 increa.
