3184 5100
256 429 478 501 ursuonmu
495 431 752 529 numurruuu
776 422 1121 509 αττεστεδ-34.
1185 435 1257 508 517

142 597 337 671 ,πειᾯυυσον
363 598 426 661 τῶν
449 594 626 682 προτέρων·
677 594 742 685 ὅσῳ
775 597 838 685 γάρ
877 600 953 686 πρὶν
982 600 1132 678 ἰσοθέους
1166 602 1289 685 τιμάς·

78 690 82 723 ⁷
156 707 223 777 τοῖς
244 702 299 783 τῆς
313 698 680 776 Κωνσταντινουπόλεως
700 702 829 787 θρόνοις
851 708 1014 786 παρεῖχον,
1035 700 1174 789 τοσοότῳ
1194 727 1259 784 χα-

132 800 341 885 λεπωτάτην
361 802 394 878 ἐξ
418 799 588 867 ἀντιπάλου
611 800 666 887 τὴν
686 802 812 886 νέμεσιν
836 801 1028 867 ἀπεδίδουν.
1072 803 1126 869 καί
1147 802 1165 867 ό
1184 804 1326 890 τρό-ΒΙ

78 918 79 925 ’
161 926 219 977 πος
240 896 275 977 ός
295 901 370 987 πρίν
391 901 448 987 τὴν
466 904 523 967 τοδ
545 903 724 981 συνειδότος
744 904 872 969 ἐκείνων
901 906 1111 991 χειραγωγῶν
1132 905 1262 987 ἐκόσμει

78 996 79 1003 ¹
128 1002 334 1086 5σεμνότητα
364 1001 445 1089 πρός
478 1001 514 1067 τό
542 1006 597 1087 τῆς
621 1004 718 1089 ἀκοῆς
745 1007 971 1089 περίβλεπτον,
994 1006 1141 1081 ἐπιεικοός
1163 1006 1262 1090 ἐρρόη

159 1098 240 1184 πρός
261 1100 296 1165 τό
319 1102 609 1188 περιφρονούμενον
632 1102 756 1189 ἀρτίως,
780 1104 809 1166 εἰ
818 1105 863 1187 μὴ
887 1102 942 1168 διά
961 1094 1087 1168 πάντων
1108 1103 1164 1167 καί
1179 1128 1260 1167 παν-

158 1199 307 1279 τάπασιν,
343 1200 423 1265 ἀλλὰ
453 1200 506 1265 διά
537 1203 597 1284 μὲν
615 1204 679 1267 τεόν
698 1204 939 1270 πλείστωνκαὶ
962 1202 1189 1290 ἁπλουστέρων
1209 1206 1258 1267 ἐνί

159 1299 287 1367 ἔλαττον
310 1300 363 1367 άτε
386 1301 424 1387 δὴ
447 1306 509 1368 τεόν
530 1304 678 1369 τοιοότων
697 1303 801 1391 μικρόι
831 1305 1015 1383 συνιόντων,
1040 1304 1094 1368 διὰ
1115 1307 1145 1369 δ’
1168 1305 1261 1369 ἐνίων

161 1397 204 1479 οός
225 1402 278 1467 ἐπὶ
298 1405 333 1467 τὸ
365 1409 512 1489 πλεῖστον
536 1402 590 1471 άτε
613 1402 651 1489 δὴ
684 1405 835 1494 βασκάνῳ
856 1410 1001 1493 λυγισμῷ
1031 1406 1088 1471 καὶ
1107 1405 1258 1492 κριτηρίιρ

107 1502 388 1589 1οπαρεχομὲνων
402 1506 457 1569 καί
477 1504 535 1586 οὐχ
560 1504 778 1591 όμοζυγοόυοις
808 1506 863 1585 τάς
884 1508 1077 1593 πλάστιγγος
1101 1506 1260 1591 συνοροόν-

159 1628 223 1668 των
251 1606 307 1688 τῆς
334 1627 368 1668 τε
390 1604 562 1691 προτέρως’
579 1607 686 1693 φήμης
718 1608 774 1672 καί
805 1612 862 1692 τῆς
891 1608 1024 1673 κατόπιν
1056 1606 1165 1691 ιὀόσης
1187 1607 1260 1687 όψέ.

162 1703 231 1768 ἀλλ’
262 1705 496 1791 ἐπαναληπτέον
526 1703 579 1771 τόν
608 1706 725 1793 λόγον..
760 1707 907 1795 ἔφθημεν
939 1707 1001 1795 γάρ
1031 1698 1169 1783 εἰπόντες
1190 1704 1261 1782 τούς

158 1806 218 1889 μὲν
236 1812 320 1892 τρεῖς
341 1810 406 1871 τῶν
434 1810 492 1891 τῆς
520 1804 595 1892 όλης
622 1805 758 1886 Ῥωσίας
783 1808 956 1895 -ἦγεμόνων
978 1808 1061 1893 όμοῢ
1077 1817 1143 1888 τοῖς
1169 1813 1261 1896 σφῶν

158 1902 309 1991 όπηκόοις
331 1906 503 1993 όρδόδοξον
531 1906 616 1989 ἐχειν
651 1909 747 1993 σέβας
776 1911 833 1975 καί
860 1910 936 1995 ἦμῖν
966 1908 1149 1997 ὁμόφρονας
1170 1903 1271 1988 εἶναι’

108 2005 213 2071 15τόν
232 2030 268 2092 γε
286 2004 349 2092 μὴν
369 2006 517 2095 τέταρτον
537 2009 592 2074 καὶ
608 2009 696 2093 μάλα
718 2008 851 2095 ἥκιστα·
874 2008 909 2090 ὃς
932 2011 970 2097 δὴ
995 2013 1050 2076 καί
1070 2013 1181 2094 μεῖζον
1204 2010 1326 2081 καίεο

159 2106 368 2193 ἰσχυρότερον
383 2106 467 2187 ἔχων
488 2108 603 2194 κρότος
619 2109 700 2173 κατά
711 2133 745 2173 τε
766 2113 889 2195 πλῆθος
902 2114 1053 2198 στρατιάς
1074 2110 1130 2175 καί
1152 2107 1261 2173 όπλων

158 2206 327 2291 ἐμπειρίαν
348 2203 409 2291 ἤδη
439 2208 494 2272 καί
523 2216 588 2285 τοῖς
608 2209 822 2295 βορειοτέροις
853 2211 1043 2276 ἀνθίσταται
1062 2211 1204 2285 Σκόθαις
1227 2211 1261 2272 ἐκ

90 2329 94 2333 ’
158 2308 277 2371 πολλοῦ
297 2308 353 2387 τοῦ
375 2309 557 2393 κρείττονος,
580 2309 635 2373 καί
655 2312 718 2373 τῶν
736 2306 841 2375 ἀλλων
865 2313 1011 2396 ἐτησίους
1033 2310 1184 2375 διδόντων
1199 2310 1259 2396 φό-

159 2430 235 2491 ρους
267 2408 395 2483 ἐκείνοις
430 2406 558 2495 οὗδαμῇ
592 2410 660 2473 ποτ’
695 2408 804 2488 αότός,
835 2409 881 2475 ἅτ’
918 2406 1057 2496 όχυροός
1085 2435 1174 2485 τινας
1206 2410 1260 2474 τό-

104 2522 239 2586 ωοπους
259 2508 352 2573 οἰκῶν
370 2508 425 2582 καί
448 2507 677 2598 ἀγχιτέρμονας
706 2509 790 2590 ἔχων
814 2509 954 2591 Κελτοὺς
973 2512 1029 2578 καὶ
1048 2512 1207 2590 Γαλάτας,
1230 2507 1264 2574 οἳ

157 2604 249 2693 παρά
269 2607 323 2672 τόν
344 2608 424 2694 πρός
451 2605 584 2696 ἀρκτους
605 2611 660 2676 καί
674 2611 798 2696 Θοόλην
811 2608 867 2697 τὴν
880 2615 977 2696 νῆσον
997 2613 1136 2677 οἰκοῦσιν
1157 2611 1259 2675 uinea-
1324 2685 1330 2692 Ι

157 2707 221 2786 νόν,
244 2705 320 2774 ὅθεν
343 2710 483 2798 ζέφυρός
502 2735 536 2775 τε
565 2711 803 2798 ἀναρρήγνυται
828 2713 883 2778 καί
900 2711 975 2778 όποι
1005 2712 1106 2778 δόνων
1127 2710 1259 2797 πορεόε-

156 2833 212 2871 ται
230 2806 337 2892 ἥλιος,
357 2810 501 2894 μάχιμον
522 2809 615 2887 ἔθνος
644 2809 688 2890 σός
717 2811 757 2876 τά
783 2810 886 2876 πολλά
914 2812 971 2877 καὶ
1001 2811 1037 2875 οό
1062 2813 1174 2900 πόρρω
1197 2834 1258 2874 που
1269 2826 1389 2883 melu

157 2908 287 2994 γίνομαι
308 2912 410 2996 λέγειν
432 2910 710 2997 ἀνανταγώνιστον.
762 2912 832 2977 ἀλλ’
854 2912 941 2978 ἐστιν
966 2912 1207 2999 άλλοτριόφρων
1226 2930 1328 2982 reu

108 3034 149 3091 25
159 3007 216 3074 καί
236 3013 283 3098 τῷ
299 3009 378 3099 ἦλίιρ
399 3011 434 3076 τὸ
455 3013 511 3096 τῆς
539 3013 687 3098 λατρείας
710 3014 807 3096 σε’βας
833 3010 938 3095 νόμων
956 3010 1026 3096 μέν,
1046 3009 1261 3093 όπισχνοόμε-

78 3361 79 3388 5
161 3319 219 3375 redi
238 3319 395 3384 tribuerunt,
418 3333 451 3370 eo
469 3319 621 3388 graviorem
640 3321 705 3372 irum
732 3318 905 3372 reddiderunt
923 3325 950 3369 et
971 3317 1077 3383 odium,
1096 3333 1129 3370 ee
1148 3319 1263 3371 studium

161 3391 229 3443 iilud
248 3391 319 3459 qued
343 3398 422 3442 antee
442 3405 533 3442 eorum
558 3391 685 3458 pietatem
707 3399 816 3444 rexerat
846 3397 874 3442 et
898 3397 1042 3441 ornaverat
1062 3389 1162 3442 illustri
1183 3390 1261 3454 inme,
1317 3418 1326 3430 ..

161 3477 233 3515 nuuc
250 3477 302 3512 nee
320 3461 417 3512 iniuria
436 3462 464 3512 in
485 3469 645 3514 contemtum
668 3463 763 3526 venit,
789 3477 844 3514 non
863 3461 932 3528 apud
952 3475 1044 3512 omnee
1067 3462 1193 3524 omnino,
1214 3461 1262 3512 eed

161 3533 293 3601 plurimos
313 3540 340 3584 et
358 3532 484 3600 vulgares
505 3535 605 3601 qnippe
624 3534 669 3602 qni
689 3534 774 3584 minue
793 3549 850 3585 rem
868 3540 1082 3600 cognoscerent,
1102 3532 1172 3598 apud
1190 3531 1262 3582 mul.

163 3613 215 3668 tes,
235 3603 280 3670 qui
298 3611 328 3654 ut
346 3603 503 3670 plerumque
523 3605 699 3657 iitiuridioeo
718 3604 817 3656 indicio
839 3611 996 3656 tenerentur
1012 3619 1064 3655 nee
1087 3611 1114 3655 et
1134 3611 1262 3654 untereo.

79 3717 80 3724 ,
163 3675 201 3726 ris
220 3675 305 3726 iamne
329 3682 356 3726 et
374 3675 532 3742 posterioris
560 3683 695 3728 momentu
717 3676 908 3728 examinarent.
945 3675 992 3726 ned
1011 3675 1156 3741 recipietur
1174 3687 1262 3725 eermo

79 3791 80 3794 ,
162 3761 277 3798 neeesse
297 3753 346 3809 eet,
365 3746 530 3798 narravimus
547 3754 601 3800 tres
619 3747 700 3799 totius
719 3747 832 3798 Rueeiue
850 3747 932 3797 dueee
951 3761 1009 3796 curn
1024 3746 1128 3796 civibus
1145 3744 1263 3812 religio.

78 3813 80 3820 ’
163 3833 218 3870 eam
237 3817 363 3882 pietatem
388 3817 513 3885 habuisse
544 3825 570 3868 et
596 3819 707 3869 eundem
725 3818 863 3869 nobiseum
888 3818 1012 3868 animum.
1049 3817 1157 3868 minime
1173 3825 1262 3868 eutem

163 3895 282 3955 quartus,
302 3889 347 3954 qni
366 3888 480 3940 maiores
499 3889 663 3941 exercituum
681 3903 807 3941 numeros
825 3903 857 3938 ue
874 3902 974 3940 nervon
993 3896 1020 3938 et
1037 3902 1167 3938 armorum
1186 3903 1267 3963 usum¹

78 3957 80 4024 J
163 3957 279 4011 habebut
298 3967 325 4009 et
342 3959 408 4025 ipsis
427 3959 690 4025 septentrionalibus
712 3959 819 4026 Scythis
837 3958 921 4010 multo
941 3960 1064 4024 superior
1083 3958 1184 4010 viribus
1202 3967 1260 4011 erut

79 4027 80 4032 ’
164 4037 200 4093 et,
223 4045 301 4096 quum
320 4029 419 4097 reliqui
438 4029 531 4096 populi
543 4045 630 4082 unnuu
648 4029 704 4084 illie
723 4029 870 4098 vectigalia
887 4029 1035 4093 solverent,
1054 4031 1262 4097 nunquumipee

78 4147 80 4164 s
162 4100 251 4165 debut,
270 4100 340 4168 quod
359 4101 458 4152 munita
477 4101 604 4168 quaedum
623 4101 684 4153 loen
703 4101 812 4152 tenebat
831 4108 858 4151 et
875 4102 1040 4168 propinquos
1059 4100 1173 4153 habebat
1194 4100 1261 4154 Cel.

78 4165 79 4176 ¹
160 4181 204 4224 tos
224 4179 251 4223 et
269 4170 438 4239 Guletur,qui
456 4173 487 4222 ad
508 4187 636 4224 oceanum
654 4173 872 4240 septemtrionem
891 4180 918 4222 et
933 4171 1040 4223 'iunium
1062 4171 1175 4223 insulem
1194 4186 1262 4235 ver,

78 4243 79 4246 ’
161 4258 208 4298 eur
229 4249 386 4310 vergentem
405 4241 545 4307 habitunt,
572 4243 644 4294 unde
671 4243 807 4310 nephyme
836 4243 920 4310 τρίτοι
940 4251 968 4294 et
986 4243 1156 4308 eolloecidit.
1193 4254 1260 4309 geue

136 4379 140 4385 ι
161 4310 320 4384 plerumque
339 4311 471 4377 bellicose
493 4320 536 4378 et,
562 4313 632 4384 quod
664 4315 773 4367 nimium
791 4327 846 4366 uon
866 4320 923 4380 eit,
940 4315 1051 4380 invicta,
1070 4315 1118 4368 reu
1137 4311 1261 4399 diuersae
