3184 5100
324 377 848 504 'nrsroannuuzaunutn
864 411 971 478 xxvi.
994 391 1083 516 λλ.
1210 405 1259 481 oo

152 571 278 658 γλώττῃ
301 572 365 636 τιδυ
389 566 559 653 δνέλεγκτα
581 561 763 652 ψεύδεσθαι
783 571 859 654 περὶ
878 543 940 638 raia
960 575 1030 640 ἐκεῖ
1046 579 1257 658 βουλομένων,

153 666 219 736 οὔτ’
244 668 365 745 ἰδόντος
386 664 449 736 οὔτ’
472 669 666 747 α’κοδσαντες
687 675 750 736 τῶν
765 676 922 739 ἐνταυθοῖ
940 678 1051 759 μηδέν,
1074 674 1256 761 παρελθόν-

153 798 205 850 τες
229 765 286 838 οὖν
308 773 426 838 εἰδέναι
458 773 638 838 διετείνοντο
667 777 790 856 βέλτιον
810 768 903 858 ἠ’μοῖν
928 779 1003 862 περί
1032 782 1093 843 τοδν
1111 780 1257 873 Ιἐνταῦθα
1283 828 1286 835 ,

155 879 212 940 καί
233 869 481 958 διεμυθολδγουν
512 873 675 962 τερατώδη
707 875 776 941 τινὰ
809 874 865 941 καί
890 873 1044 942 α’λλδκοτα
1068 877 1257 964 διηγήματα,
1302 871 1309 879 ’

120 983 144 1036 ,5
155 969 242 1040 οδτιυ
264 973 319 1039 κατ’
338 972 368 1040 οἶ
389 979 463 1059 περί
483 973 536 1040 τὸν
551 977 715 1056 Παλαμοῖν
736 975 959 1061 ἐπεπράχεσαν
980 980 1036 1043 καί
1053 981 1188 1043 τοιαῦτα
1213 981 1257 1068 τῷ

157 1077 262 1165 οἰκείῳ
286 1079 460 1154 ξυνέθεσαν
481 1077 579 1166 topot-
630 1072 652 1142 d
673 1077 734 1162 γδρ
769 1075 937 1160 ἐβούλοντο
957 1083 1108 1162 γενέσθαι
1128 1084 1197 1164 μέν,
1219 1078 1258 1144 ου’
1269 1086 1295 1138 Ι

132 1183 339 1261 Ιγεγένηνται
362 1177 482 1263 δέ,καί
503 1173 525 1242 δ
549 1181 649 1261 λέγειν
664 1176 829 1260 ἐβούλοντο
849 1180 919 1260 μέν,
936 1181 976 1243 ου’
1000 1179 1187 1266 δεδύνηνται
1211 1182 1259 1262 δέ,

154 1281 218 1345 ταῖν
241 1281 439 1362 παραχρῆμα
461 1275 599 1363 ἐλέγχων
621 1289 686 1355 τοῖς
704 1283 763 1362 μέν
786 1280 1029 1364 ἐντυγχάνοντες
1051 1276 1112 1369 ἤδη
1134 1281 1208 1361 roric
1229 1287 1258 1348 δ’

155 1377 387 1454 δποπτεδοντές
411 1383 440 1461 γ’
473 1377 535 1460 ἔτι,
572 1383 672 1444 ταῦτα
701 1379 740 1464 δὴ
773 1385 854 1462 μετὰ
886 1384 1003 1464 πολλῆς
1031 1384 1172 1462 ἐξέθεντο
1203 1388 1258 1467 τῆς

115 1481 336 1556 ἱθαδθαδείας
369 1477 449 1564 ἐκεῖ,
479 1483 519 1568 τῇ
541 1483 605 1545 roo*
625 1485 741 1567 καιροῦ
774 1481 859 1569 ρὀπῇ
886 1481 921 1545 rai
946 1482 1116 1565 ἀνέλεγκτα
1138 1481 1260 1566 padda-

154 1586 236 1646 σθαι
257 1578 345 1660 μα’λα
361 1579 603 1665 τεθαρρηκότες,
628 1583 682 1647 καί
696 1579 731 1646 τό
748 1605 783 1666 γε
803 1579 889 1664 nepai
914 1583 1026 1668 σφίσιν
1042 1585 1153 1660 αδτολς
1168 1583 1259 1650 δνέκ.

156 1707 244 1768 φορα
268 1679 353 1765 ἔχειν
378 1677 461 1746 oded
493 1681 547 1746 καί
569 1682 644 1768 ἡμῖν
666 1684 801 1748 α’θέατα.
852 1687 936 1770 φασί
959 1685 989 1746 δ’
1013 1677 1071 1748 οὖν
1094 1689 1261 1767 Παλαμᾶν
1316 1675 1327 1700 ’

153 1782 192 1849 τά
217 1809 250 1849 τι
273 1777 355 1848 ἄλλα
376 1783 454 1867 πρὸς
484 1781 607 1870 α’πάτην
630 1787 709 1868 δρᾶν
731 1789 795 1851 τιδν
816 1784 1062 1870 ἁπλουστέραν,
1082 1785 1138 1849 καί
1158 1791 1287 1869 θερα-.

155 1885 249 1959 πειάς
273 1887 369 1968 δῆθεν
389 1886 451 1950 τῶν
468 1887 764 1971 οκανδοιλιζομένιον
785 1895 851 1950 κατ’
870 1884 975 1950 oritoni
993 1881 1183 1952 ἐπισκόπων.
1207 1886 1263 1952 καί
1345 1906 1347 1915 ’

95 1987 145 2046 '15
153 1993 214 2067 μὲν
234 1988 273 2072 δη
298 1987 434 2052 καὶτῶν
457 1990 546 2077 adegi
566 1969 864 2075 βλασφημηθέντων
885 1984 955 2051 ἔνια
972 1985 1122 2052 κόπτονταί
1145 2010 1179 2053 τε
1204 1992 1260 2055 καί

155 2091 276 2170 ξέοιτα,
290 2093 471 2166 ξυντιθέναι
483 2090 540 2154 νῦν
552 2093 585 2154 έν
608 2083 720 2164 ἄλλαις
733 2093 833 2168 λέξεσι
848 2086 903 2152 τδν
915 2092 1170 2173 βλαπφημοδντα
1185 2094 1260 2154 νοῦν

155 2200 220 2265 τοῖς
234 2193 315 2265 νέοις
331 2187 439 2272 τόμοις
453 2184 561 2269 αδτοῦ,
582 2183 632 2255 ai'a’
645 2191 701 2254 οδκ
713 2192 838 2268 ἐἰδέναι
845 2181 1101 2257 τοῖνέπιοκδποιν
1115 2186 1257 2276 έχδντυνν

153 2295 250 2355 πλέον
270 2293 364 2356 οὐδέν
391 2285 482 2376 η”δτι
507 2289 631 2373 ἒξεσται
659 2287 804 2367 dumnoc
834 2295 991 2373 τέθειται,
1026 2282 1077 2355 oia
1100 2295 1131 2356 d’
1152 2289 1175 2355 d
1199 2296 1260 2375 μέν
1298 2350 1305 2362 ,
1385 2305 1390 2313 ’

154 2391 279 2471 ἔξεσται
301 2384 353 2457 οἶα
380 2395 407 2458 δ’
428 2385 471 2458 αδ
489 2391 511 2459 δ
523 2397 663 2460 τέθειται
683 2393 741 2480 την
754 2392 889 2478 δύναμίν
904 2397 984 2471 dora,
1006 2390 1173 2458 τούτωνδ’
1197 2387 1259 2459 οὔτ’

115 2509 145 2563 20
155 2495 280 2560 ἐπαΐειν
293 2487 373 2570 δλιας
387 2487 460 2561 onita
474 2497 663 2583 φροντίζειν.
674 2499 848 2582 προφέρειν
860 2496 921 2579 γδρ
936 2493 992 2561 καί
1001 2491 1161 2583 γραφικὸς
1173 2497 1263 2579 λέγε-

157 2620 212 2659 ται
234 2601 427 2680 μαρτυριάς,
452 2596 511 2680 οὐχ
532 2594 575 2671 nic
594 2594 723 2679 ἔχουσιν
736 2594 878 2679 δγιείας,
897 2590 978 2662 δλλδ
997 2602 1262 2682 παραφθείροντα

156 2699 201 2784 πῇ
223 2699 284 2778 μὲν
297 2705 364 2774 ταῖς
377 2701 520 2778 ἐντομαῖς
533 2696 588 2763 καί
600 2695 826 2783 nequitatem,
847 2703 890 2785 τῇ
903 2701 938 2764 δέ
958 2707 1027 2775 ταῖς
1039 2701 1063 2739 “
1075 2696 1289 2783 παρτξαγωεδ·
1305 2691 1392 2751 ¹¹15·

155 2804 229 2880 γαῖς
252 2794 335 2879 δμοδ
353 2821 387 2865 τε
408 2801 463 2865 καί
481 2798 738 2885 παρεξηγησεσιν.
780 2789 835 2880 ιδν,
855 2803 885 2865 εἰ
907 2802 1117 2886 βουληθείης,
1147 2801 1204 2864 otia
1222 2791 1263 2863 δυ

155 3114 222 3167 bent
240 3112 387 3176 licentiam,
413 3110 464 3163 iam
483 3110 558 3164 nulla
576 3117 726 3164 nostrarum
743 3126 831 3164 rerum
853 3117 929 3178 parte
947 3118 994 3164 ant
1013 3112 1073 3164 uiaa
1098 3116 1144 3164 ant
1171 3114 1261 3167 audita
1290 3134 1293 3138 ·

157 3202 188 3237 sc
208 3184 305 3236 melius
324 3200 401 3252 qnam
420 3198 470 3236 noa
490 3198 535 3235 eae
554 3185 718 3251 cognovisse
738 3183 932 3235 contenderent
951 3190 1031 3251 atque
1049 3190 1214 3238 monotroraa
1234 3193 1262 3237 et

157 3263 329 3325 portentosae
350 3253 454 3308 fabulae
473 3256 668 3323 confingerent.
702 3271 772 3323 onas
793 3256 865 3305 enim·
878 3269 922 3306 rea
941 3255 1067 3315 avenione
1082 3254 1188 3322 quidem
1207 3271 1262 3308 vo.

157 3328 262 3393 lebant,
281 3326 364 3379 iactae
384 3341 451 3379 vero
472 3342 531 3380 esse
550 3340 604 3378 non
624 3326 751 3379 uidebant
769 3334 816 3378 τιατ
840 3340 906 3394 quaa
928 3326 1019 3378 dicere
1045 3326 1151 3394 quidem
1177 3326 1260 3379 vole.

157 3400 223 3451 bant
241 3414 330 3467 neque
349 3414 435 3463 vero,
460 3414 540 3475 quum
559 3406 604 3450 aut
622 3400 710 3451 rtatim
734 3399 785 3450 iam
804 3398 981 3450 refutationes
1000 3398 1126 3450 adetaent
1143 3406 1261 3450 autnon

159 3472 271 3539 longum
292 3470 387 3523 abesae
406 3472 617 3538 suspicarentur,
629 3471 719 3522 dicere
738 3476 872 3537 poterant,
889 3484 934 3522 ear
953 3477 1145 3535 tamcnomnea
1165 3485 1261 3538 magna

159 3559 218 3595 oum
238 3544 391 3610 arrogantia
416 3543 443 3593 in
470 3557 502 3593 eo
531 3550 714 3610 exposuerunt
727 3541 855 3607 temporie
874 3543 1074 3608 opportunitate
1092 3541 1261 3609 inexplorata

159 3616 322 3667 ementiendi
340 3614 419 3666 ualde
438 3615 502 3666 ireti
522 3620 548 3665 et
568 3630 597 3667 ae
623 3621 738 3678 tomum,
764 3622 794 3665 ut
819 3614 897 3665 nobie
917 3628 977 3664 eum
994 3612 1130 3678 inspicere
1149 3626 1204 3665 uon
1223 3612 1261 3665 li.

158 3695 245 3751 ccret,
267 3686 336 3753 apud
355 3702 385 3738 oe
403 3699 545 3739 reservare
553 3700 634 3753 ponae
654 3684 868 3755 eonion-dicunt
882 3691 973 3735 autem
991 3684 1123 3737 l’alamam
1142 3685 1261 3737 αδδιτο.

157 3759 220 3810 dem
241 3758 433 3825 simpliciorum
453 3766 480 3809 et
496 3758 528 3823 ad
538 3758 754 3811 conciliationem
765 3758 952 3823 episcoporum
961 3757 986 3806 ei
1001 3755 1161 3807 elienaorum
1181 3770 1261 3825 quum

125 3858 129 3865 ·
158 3828 213 3880 alin
238 3828 347 3893 iacere,
371 3837 426 3880 tum
453 3832 577 3897 quasdam
602 3828 780 3898 hlaapbemiaa
806 3828 991 3897 dillingentem
1009 3835 1089 3894 atque
1109 3828 1262 3881 eradentem

158 3916 231 3952 nune
250 3900 311 3953 aliia
330 3900 419 3953 verbio
437 3901 606 3969 blasphemas
625 3901 771 3953 sententiaa
790 3901 869 3951 novio
888 3899 966 3950 tomis
981 3913 1143 3967 componere
1161 3901 1261 3968 quippe

161 3988 241 4039 quum
262 3973 383 4039 episcopi
401 3973 471 4025 nihil
490 3974 603 4041 amplius
622 3974 692 4025 coire
702 3972 816 4040 possint,
827 3985 904 4039 quam
924 3984 999 4023 crana
1019 3986 1090 4037 eoae,
1110 3970 1260 4041 quaemale

161 4046 249 4109 posita
267 4052 358 4108 eraut3
379 4060 456 4112 quam
478 4052 566 4097 autem
585 4046 639 4096 uim
658 4044 703 4096 vel
723 4058 799 4096 eroon
818 4042 863 4095 vel
889 4043 978 4109 posita
1002 4042 1136 4107 habeant,
1164 4042 1191 4094 id
1208 4058 1261 4094 nec

160 4115 319 4185 intelligunt
336 4131 388 4167 nec
407 4125 510 4169 curant.
547 4116 699 4169 testimonia
719 4116 850 4167 etiamen
875 4114 958 4165 aacria
977 4115 1117 4181 scriptoria
1135 4114 1260 4182 prolerre

161 4188 277 4251 dicitur,
304 4202 359 4239 non
384 4188 432 4240 illa
450 4188 556 4257 quidem
570 4202 635 4241 eane
654 4195 734 4255 atque
752 4186 876 4255 integra,
903 4186 950 4238 aed
969 4187 1064 4253 partin
1082 4183 1262 4238 incisionibus

163 4268 189 4311 et
212 4260 474 4325 commutationibus,
495 4263 589 4327 partim
612 4258 754 4312 fallacibus
774 4266 801 4311 et
811 4258 902 4327 pratia
921 4258 1186 4325 interpretationibus
1198 4269 1262 4305 cor.
1292 4278 1296 4281 ·

163 4338 248 4398 rupta.
269 4344 392 4400 quorum,
412 4333 435 4384 ai
453 4332 502 4385 tibi
523 4332 627 4387 uolenti
646 4340 696 4398 eet,
716 4331 839 4401 equidem
856 4344 911 4385 non
922 4330 1095 4394 certaverim,
1113 4327 1162 4381 tibi
1180 4326 1262 4378 otium
