3184 5100
240 430 460 547 rnsooaran
487 423 746 501 erasmiana
764 434 859 501 xxx.
878 419 1123 507 tto-sto.
1179 422 1276 506 att·

161 596 201 681 δη
221 594 308 661 ’κατά
330 600 384 663 τοῦ
407 602 555 678 Παλαμσῖ
581 601 754 681 τηνικαῦτα
788 597 1011 685 ἀπεφήναντο,
1041 594 1145 664 όλλων
1177 591 1257 665 άλλα

160 696 324 783 λεγόντων,
347 704 401 764 καί
421 692 525 763 άλλων
548 691 657 775 ἄλλοις
680 699 918 780 ἁμιλλωμένων,
940 700 994 765 κατ’
1016 692 1120 766 άλλαν
1144 693 1260 777 άλλους

160 799 340 884 παριόντων
360 806 403 891 τρῖ
424 806 486 865 τεόν
518 804 684 883 λοιδοριῶν
708 799 949 885 ὑπερβάλλοντι.
1004 794 1086 885 ἦσαν
1107 806 1138 867 δ’
1157 802 1354 868 οδκοίἱιῦ
1466 843 1471 853 1

160 898 318 987 προδότην
340 898 438 967 ου’τόν
460 900 634 967 ἐπεκάλουν
667 900 770 964 αδτοδ
791 892 950 983 βασιλέος
976 905 1032 967 καί
1051 896 1120 968 ὅσοι
1135 908 1179 992 τῷ
1199 878 1291 984 βα-Ῑ·
1305 877 1393 931 ¹⁵⁵¹·

133 1009 248 1077 5orirt
266 1004 474 1085 προσήκοντες
498 995 560 1066 εἶεν
590 1005 673 1084 γένει
710 1002 766 1065 κατ’
784 1000 883 1089 δόξη·
934 1007 996 1067 ’κατ’
1016 1002 1058 1077 ὥς
1079 1002 1165 1087 τόγε
1187 996 1263 1088 ἧκον

160 1106 207 1178 εἰς
229 1104 326 1167 αότὸν
350 1102 408 1166 οόκ
430 1102 602 1185 α’πέσχετο,
625 1101 682 1187 τη“ν
703 1100 877 1189 ἧγημονιάν
899 1107 953 1190 τῆς
980 1106 1105 1190 γνοόμης
1126 1102 1262 1187 ὑπήκοον

160 1199 245 1282 άπαξ
266 1202 366 1286 ἔργων
386 1206 439 1269 καὶ
454 1204 562 1286 λόγων
579 1204 661 1286 6μοῦ
682 1206 829 1289 πονηρῶν
849 1204 1032 1288 πεπραχώς,
1052 1207 1097 1289 μη
1118 1206 1158 1268 ου’
1179 1198 1262 1268 πάν-

159 1328 218 1378 τας
238 1305 418 1389 συλλήβδην
439 1308 534 1395 βιαιλρ
558 1305 684 1392 θανάτῳ
718 1308 840 1369 δοῦναι.
884 1304 924 1367 οδ
950 1308 1012 1389 γάρ
1035 1298 1148 1389 irs-pr}
1170 1306 1262 1389 σιδη·

160 1412 234 1488 ραῖς
255 1403 310 1468 καί
328 1402 423 1479 αδτὸς
447 1404 527 1470 κατά
551 1406 627 1482 τούς
650 1407 869 1489 α’νδροφόνους
893 1405 1052 1490 ε’χρὴσατο
1077 1403 1210 1489 λόγχαις
1228 1409 1262 1471 ἐκ

117 1520 151 1575 10
161 1512 221 1572 τοῦ
242 1508 444 1590 προφανοῦς,
468 1503 665 1590 όποβεβηκός
687 1530 716 1570 τι
737 1506 772 1570 τὸ
787 1505 894 1589 βάρος
923 1504 1010 1589 ἔχειν
1028 1504 1104 1593 δόξη
1125 1510 1188 1571 τῶν
1209 1510 1264 1589 ε’γ-

161 1602 352 1690 κλημάτων,
395 1606 462 1671 ἀλλ’
498 1601 544 1670 δτι
579 1612 689 1691 φιλιάν
718 1605 985 1692 σχηματιζόμενος
1022 1602 1093 1671 ito
1127 1609 1264 1689 δολερῶς

161 1712 295 1773 ε’κένωσε
328 1716 393 1784 τοῖς
419 1709 538 1783 α’δόλως
573 1712 702 1794 φιλοῦσι
733 1705 789 1773 τόν
811 1712 866 1773 τοῦ
887 1711 1081 1793 δηλητηρίου
1107 1710 1263 1791 κρατῆρα,

162 1810 238 1890 πρὶν
260 1813 314 1893 τῆς
336 1811 504 1895 ἐπιβουλῆς
534 1813 709 1875 αἰσθέσθαι
738 1806 811 1886 τούς
832 1810 1024 1893 πάσχοντας.
1078 1812 1133 1873 καί
1154 1805 1183 1872 oi
1203 1813 1263 1888 μὲν

162 1912 246 1994 γένει
269 1913 324 1973 κατ’
347 1909 422 1997 δόξη
445 1910 636 1993 προύχοντες
659 1906 772 1995 ἄνδρες
787 1928 790 1935 “
804 1915 918 1975 ε’κεϊνοι
942 1905 1025 1976 οὕτω
1045 1913 1266 1993 προσηνέχθη

120 2034 152 2089 15
162 2037 224 2079 σαν
246 2017 287 2100 τῷ
307 2010 414 2098 μιαρῷ
437 2015 593 2099 Παλαμᾷ,
615 2012 670 2077 καί
690 2011 811 2088 ταύτας
840 2010 946 2100 ε’κεόνιρ
969 2009 1027 2087 τάς
1048 2014 1165 2094 κρίσεις
1183 2012 1264 2075 oini-

161 2138 271 2180 τασαν·
313 2107 328 2174 ό
354 2108 553 2192 δὲβασιλεός
578 2116 632 2177 κατ’
652 2108 750 2188 ου’τός
764 2116 836 2201 σιγῇ
851 2116 912 2175 ταῖν
933 2112 1011 2177 κατὰ
1035 2115 1095 2175 τοῦ
1116 2115 1359 2191 Παλαμάίίθ

163 2214 317 2281 τοισότων
338 2215 505 2295 λοιδοριῶν
528 2214 681 2298 ου’τὴκοος
702 2217 846 2297 γεγονώς,
869 2215 923 2277 κατ’
940 2218 1113 2296 βουληθείς
1127 2216 1186 2294 μέν
1198 2236 1264 2287 πως

162 2314 224 2399 τὴν
243 2318 297 2399 τῆς
319 2314 523 2401 ἐκδικήσεως
537 2320 786 2397 προστεταχέναι
814 2313 941 2378 κόλασιν
962 2321 1027 2378 κατ’
1051 2317 1168 2396 aaroni,
1190 2338 1266 2399 φει-

166 2414 303 2496 σάμενος
332 2420 359 2480 δ’
390 2406 448 2479 σόν
481 2415 533 2479 διά
557 2415 616 2500 τήν
645 2414 788 2499 ἔμφυτον
818 2419 1006 2496 ἐπιείκειαν,
1030 2419 1109 2489 τέως
1131 2418 1190 2497 μὲν
1208 2412 1265 2497 την

121 2524 156 2579 10
166 2518 231 2584 διεδ
254 2513 394 2604 γλώττης
431 2520 484 2583 καί
510 2522 571 2584 τῶν
594 2508 695 2603 ἔργων
723 2514 896 2602 όπερέθετο
927 2521 1061 2604 ψῆφον,
1084 2514 1212 2599 ἐπέμενε
1235 2518 1265 2581 δ’

164 2615 223 2684 οὖν
245 2616 330 2700 ὅμως
352 2619 615 2702 δβριοπαθσδντα
639 2617 723 2704 όρσδν
744 2622 802 2684 καί
820 2620 998 2704 α’χθόμενον
1015 2625 1190 2701 Παλαμᾶν,
1211 2623 1267 2684 κατ’

118 2763 122 2768 -
167 2716 241 2788 οὔτε
266 2720 337 2796 τούς
358 2723 583 2803 λοιδοροῦντας
607 2723 758 2787 α’νέκοπτε
779 2725 833 2807 τῆς
849 2721 960 2806 ὁρμῆς,
980 2719 1034 2785 καί
1048 2716 1115 2802 ἅμα
1135 2717 1170 2784 τό
1189 2730 1266 2803 χαϊ-

165 2845 223 2907 ρον
244 2822 402 2908 ὑπέφαινε
434 2824 488 2906 τῆς
519 2818 636 2886 ἑαυτοῦ
660 2828 769 2908 ψυχῆς
792 2823 950 2908 α’μυδροῖς
978 2825 1045 2888 τισί
1062 2823 1265 2905 μειδιάμασι,

166 2927 223 2990 κατ’
245 2925 469 3010 διεκαρτέρησε
489 2927 587 3006 μέχρι
611 2928 727 2988 πολλοῦ
746 2922 829 3000 τινός
848 2925 967 3009 χρόνου
983 2924 1142 2989 διακοόων
1166 2923 1265 3007 ἡδέως

171 3219 240 3288 apud
259 3233 351 3288 regem
370 3217 579 3282 adolescentem,
600 3233 669 3287 quac
689 3227 782 3271 contra
803 3218 934 3272 Priamum
955 3227 1009 3272 turn
1028 3220 1186 3286 aperirent·r
1206 3235 1265 3271 curn

168 3291 216 3344 alii
235 3291 289 3342 aiis
308 3291 429 3341 dicerent
448 3289 538 3340 etalii
558 3289 619 3341 aliis
638 3289 836 3342 aemularentur
856 3299 882 3342 ct
900 3291 947 3343 aiii
966 3291 1036 3342 aiios
1056 3292 1187 3342 conviciis
1207 3306 1266 3342 ma.

146 3361 270 3415 «toribus
289 3368 456 3428 superarent.
495 3369 570 3412 erant
589 3369 693 3425 autem,
713 3365 757 3430 qni
778 3378 837 3413 euru
860 3365 938 3414 etiam
957 3363 1120 3430 proditorem
1138 3361 1263 3429 appella.

171 3441 231 3485 rent
256 3441 283 3484 et
307 3433 380 3501 regis
408 3432 491 3499 ipsius
521 3440 547 3482 et
572 3435 702 3498 omnium,
729 3434 774 3500 qui
799 3434 857 3500 regi
882 3434 976 3486 aiiioes
1002 3441 1092 3485 essent
1119 3449 1220 3502 genere
1240 3440 1267 3483 et

170 3505 274 3573 gioria:
297 3505 415 3572 etaequasi
436 3503 487 3554 hoc
506 3503 537 3555 ad
558 3520 587 3556 so
607 3505 756 3570 pertineret
779 3519 832 3554 uon
853 3507 991 3570 abstinuit,
1011 3521 1069 3556 curn
1089 3506 1266 3572 principatum

84 3597 85 3605 ¹
171 3577 321 3629 tententiae
341 3575 424 3627 semei
443 3575 603 3627 subiecisset
622 3575 699 3627 iactis
729 3583 755 3626 et
773 3577 939 3628 sermonibus
959 3585 1064 3643 pravis,
1085 3577 1149 3642 quin
1174 3590 1267 3626 omncs

173 3648 201 3698 in
219 3649 373 3699 universum
391 3645 529 3698 violentae
547 3648 625 3698 morti
653 3647 744 3699 daret:
770 3663 860 3714 neque
880 3649 949 3699 enim
968 3649 1037 3715 quod
1055 3647 1153 3714 gladiis
1172 3646 1267 3697 ferreis

172 3727 199 3770 et
217 3721 274 3786 ipae
298 3719 454 3770 sicariorum
473 3719 551 3771 modo
581 3727 674 3786 aperte
703 3734 757 3770 non
780 3734 845 3769 usus
871 3727 960 3784 essct,
986 3720 1124 3771 rideretur
1141 3731 1267 3768 summam

171 3791 381 3842 criminationum
402 3791 559 3856 gravitatem
580 3792 650 3857 pati:
672 3791 719 3842 sed
739 3791 808 3858 quod
821 3791 963 3841 amicitiam
984 3789 1111 3841 simulans
1132 3789 1190 3840 sino
1210 3788 1266 3840 ulio

171 3861 233 3912 doio
254 3877 312 3912 eum
335 3859 483 3912 amantibus
510 3869 593 3912 totum
619 3861 713 3914 dolose
741 3861 879 3913 effudisset
903 3863 1002 3913 veneni
1028 3869 1157 3913 craterem
1176 3861 1268 3928 prior-

172 3947 248 4001 quam
268 3933 313 4000 qui
334 3932 557 3984 conficerentur
577 3935 687 3984 insidias
707 3933 971 3985 animadvertissent:
991 3940 1071 4000 atque
1089 3931 1131 3983 iiii
1151 3933 1267 4000 quidem,

172 4005 216 4071 qui
235 4019 337 4072 genere
356 4011 382 4054 et
401 4003 488 4072 gioria
507 4012 688 4071 praestarent,
718 4005 754 4056 ita
774 4005 874 4056 invecti
894 4013 954 4056 sunt
978 4007 1006 4056 iu
1026 4003 1155 4054 Paiamam
1176 4002 1268 4055 sceie-

172 4083 248 4138 stum‚
270 4081 296 4125 et
315 4074 356 4124 his
371 4074 481 4140 judiciis
501 4091 559 4125 curn
580 4075 630 4126 ulti
650 4083 720 4127 sunt.
757 4091 805 4126 rex
833 4085 920 4127 autem
950 4079 994 4144 qui
1026 4083 1053 4126 et
1080 4075 1139 4142 ipsc
1158 4074 1267 4126 silentio

171 4147 297 4196 convicia
319 4145 383 4196 taiia
404 4155 495 4198 contra
519 4147 650 4198 i'aiamam
670 4148 740 4198 dicta
758 4149 906 4199 audivisset
926 4154 1056 4199 etcontra
1070 4161 1129 4197 enm
1150 4148 1269 4213 castiga-

169 4216 268 4268 tionem
290 4231 396 4282 poenae
417 4218 548 4283 imperare
567 4218 710 4282 voluisset,
727 4224 815 4270 tamen
836 4227 946 4286 propter
963 4221 1079 4270 innatam
1100 4217 1269 4269 clementiam

148 4307 156 4316 ·
173 4301 287 4353 parcere
309 4288 333 4337 ei
355 4286 450 4352 voluit,
472 4297 498 4339 et
519 4290 644 4340 iudicium
665 4297 774 4356 propter
786 4305 923 4342 sermones
942 4299 970 4341 et
989 4291 1058 4342 iacta
1077 4289 1152 4340 iilius
1171 4288 1269 4338 editum
1304 4291 1307 4298 '

171 4358 338 4425 prolatarit:
360 4366 439 4427 atque
458 4358 507 4411 hac
529 4361 557 4412 iu
575 4363 709 4414 sententia
729 4365 883 4428 permansit,
902 4360 1057 4432 quamquam
1075 4373 1157 4428 aegre
1176 4360 1269 4417 ieran-
