3184 5100
386 151 411 187 ἱ.

320 342 401 471 aaa
537 394 552 422 ι
625 340 858 467 ῑιιιοιιυοιιι
888 390 1119 463 carnosae

324 556 458 628 νοάαιιιιν
478 550 592 621 ἑαυτὸν
627 555 660 615 ἐκ
684 554 737 634 τῆς
759 556 920 632 μακαρίας
939 550 1052 626 ου’σίας
1073 552 1188 633 αι’τοιῖ,
1209 550 1267 614 osis
1287 551 1429 619 άποστο-

325 664 380 745 psl¹
398 653 452 721 τάν
486 650 556 719 viris
581 655 633 735 τῆς
664 648 816 734 τοιαάτης
848 650 1002 732 γνώσεως.
1060 653 1126 727 παῖς
1154 650 1233 734 γάρ,
1255 649 1428 730 ὁμοοάσιυν

322 750 403 823 ὅντα
426 779 460 821 τε
483 753 537 819 καί
556 751 614 837 την
638 751 741 836 αὐτὴν
763 753 805 841 τῷ
826 754 924 837 πατρί
941 755 1058 834 γνοῦσιν
1078 750 1205 835 ἔχοντα,
1227 749 1271 826 σάς
1286 754 1343 817 καί
1364 752 1429 815 ου’-

322 856 376 933 τάς
399 858 474 939 περί
493 851 612 921 ἑαυτοῦ
625 861 786 937 μαρτυρεῖ
801 855 899 934 λέγων
916 848 1038 929 ’καλῶς
1049 853 1194 936 γινοάσκει
1211 874 1253 930 με
1273 850 1290 915 ά
1307 850 1426 936 πατήρ,

324 956 410 1043 adyti
441 954 584 1039 γινοάσκοο
613 954 666 1021 τὸν
694 953 835 1038 πατέρα’
879 958 933 1019 καί
952 949 1068 1019 επάντα
1092 947 1153 1017 ὅσα
1185 952 1255 1035 ἔχει
1278 948 1294 1017 ὅ
1318 952 1451 1036 euripo

323 1055 386 1141 ἐμά
408 1061 501 1125 ἐστι·
543 1061 598 1122 καί
620 1054 681 1139 ἐγώ
703 1056 757 1121 κατ’
777 1052 793 1119 ὅ
817 1055 921 1141 πατὴρ
942 1059 976 1123 ἓν
1006 1055 1122 1135 iopes?
1163 1051 1429 1119 irascimini

323 1164 383 1243 μὶν
403 1160 437 1227 ἒν
459 1160 495 1247 τῇ
523 1160 579 1223 τοῦ
608 1158 685 1223 θεοῦ
706 1156 821 1241 γνιάσει
856 1157 909 1221 διά
941 1154 998 1239 τη“ν
1031 1153 1170 1240 φυσικὴν
1199 1160 1255 1219 καί
1281 1153 1424 1238 ου’σιοάδη

323 1257 496 1345 ταυτότητα
529 1264 586 1325 rosi
609 1256 726 1340 πατρὸς
762 1256 817 1323 καί
843 1260 901 1321 τοῦ
932 1254 1006 1323 vieo
1034 1254 1341 1341 πολυπραγμοσύνης
1364 1256 1425 1319 οὐκ

324 1360 441 1444 ἐδεήθη
461 1360 562 1434 τιυός·
607 1361 641 1425 ίν
663 1360 698 1423 δὲ
711 1360 749 1447 τῇ
768 1355 848 1439 πφάς
866 1355 904 1423 τά
927 1360 1082 1438 κτίσματα
1105 1357 1220 1441 μνιάσει
1240 1380 1425 1441 συμπαρει-

264 1528 270 1535 ᾕ
324 1458 420 1546 λη’φιι
444 1463 499 1525 κατ’
518 1456 573 1542 την
595 1454 750 1544 σοφίανά
775 1462 862 1532 θείας
884 1448 976 1532 οὗτος
997 1458 1171 1538 Μάξιμος,
1193 1460 1234 1521 δι’
1256 1450 1292 1541 ἧς
1314 1460 1372 1523 καί
1389 1455 1424 1521 ὲν
1434 1472 1467 1526 1⁰

324 1552 462 1649 fitensi
494 1555 660 1643 πεποίηκεν
682 1555 831 1643 ἅπαντα,
864 1558 1036 1639 α’ναγιιαίας
1067 1551 1164 1642 οὔσης
1198 1562 1254 1641 τῆς
1275 1557 1425 1643 τοιαύτης

210 1726 212 1731 .
324 1664 468 1727 ἐνταῦθα
500 1660 624 1745 μνήμης
647 1657 700 1725 διά
723 1657 781 1735 τάς
803 1657 1009 1737 ὑποστάσεις,
1040 1656 1147 1744 ὥσπερ
1179 1659 1248 1725 ε’κεῖ
1265 1665 1322 1743 τῆς
1342 1684 1426 1725 σιω-

323 1764 384 1844 πῆς
406 1762 460 1825 διὰ
484 1760 518 1827 τὸ
541 1764 637 1827 πᾶσιν
659 1763 856 1843 ἐγνωσμένον
885 1758 1043 1845 ὑπάρχειν
1069 1757 1105 1825 τά
1136 1764 1194 1845 τη”ς
1214 1761 1328 1835 σάσίας
1349 1757 1425 1827 υἱοῦ

172 1890 175 1902 ’
258 1864 379 1927 Cosas*
400 1860 519 1945 πατρὸς
554 1861 734 1945 α’άιαίρετον
769 1864 824 1926 κατ’
843 1860 971 1927 ταυτάν.
1026 1858 1252 1947 ἔναργίατεφον
1283 1865 1314 1926 δ’
1337 1857 1426 1945 ὅμως

322 1960 371 2029 ἔτι
392 1966 447 2029 καί
468 1960 483 2027 ὅ
506 1969 592 2039 θείας
615 1954 706 2038 οὗτος
719 1958 869 2043 Μάξιμος
886 1965 1025 2029 δείκνυσι
1042 1964 1172 2047 προϊών,
1194 1967 1249 2029 καί
1270 1968 1326 2047 τῆς
1348 1982 1469 2045 rex-15

308 2067 410 2165 ,μιῆς
434 2068 590 2129 ἐνταυθοῖ
606 2067 804 2149 μεμνημένος
827 2068 953 2151 σοφίας,
975 2062 1016 2149 μη
1025 2090 1073 2139 τις
1093 2068 1127 2141 ἐξ
1149 2064 1294 2147 ἀμαθίας
1316 2063 1427 2131 ὄπασ-

324 2171 399 2233 ποτλ
418 2169 590 2251 πλανηθείς
618 2170 740 2247 ἐκεῖθεν
754 2163 944 2253 ἐξολισθηση
959 2165 1039 2248 πρὸς
1060 2169 1227 2248 δυσσεβεῖς
1247 2166 1429 2249 λογισμούς,

310 2268 383 2331 ’καί
404 2268 479 2333 α’ντί
505 2269 560 2350 τῆς
594 2258 692 2341 ὄντας
718 2267 836 2351 σοφίας
865 2263 923 2348 την
954 2270 988 2329 ἐν
1018 2275 1083 2343 τοίς
1109 2269 1256 2348 κτίσμασι
1281 2264 1429 2349 τεχνικὴν

329 2368 446 2455 δοξάσῃ
472 2372 602 2455 σοφίαν,
623 2365 769 2450 καθάπερ
787 2370 843 2430 καί
866 2365 976 2431 circos*
988 2369 1152 2454 Παλαμάς
1174 2361 1428 2450 βεβλασφήμηκί

197 2532 214 2540 ,,
295 2490 356 2542 ,τι
374 2470 533 2554 ’πρότερον
556 2466 715 2549 πολλάκις,
739 2469 794 2535 κατ’
813 2471 871 2531 νῦν
889 2458 988 2542 αὖθις
1019 2470 1070 2554 ἐφ’
1092 2469 1182 2552 ἡμῶν
1206 2467 1263 2531 osia
1284 2469 1469 2537 αι’άεΐταιιο
1514 2537 1515 2563 ,

324 2572 448 2650 τολμῶν
478 2572 515 2634 τὰ
540 2571 715 2653 α’τὸλμητα.
767 2573 848 2658 φησί
874 2568 935 2655 γάρ
966 2571 1098 2634 κατόπιν
1127 2564 1210 2652 οὖςῆ
1241 2566 1348 2651 iopam}
1370 2572 1428 2632 καί

324 2667 417 2752 torpe
442 2667 539 2754 φάσις
560 2668 704 2754 γινώσκει
738 2669 776 2736 τά
808 2674 964 2751 κτίσματα
1000 2667 1160 2754 ἀναλήψει
1181 2672 1237 2752 τῆς
1258 2672 1293 2735 ἐν
1314 2668 1426 2742 αὐτοῖς
1514 2676 1515 2681 ’

258 2827 265 2842 ι
330 2773 552 2858 θεωρουμένης
572 2773 715 2858 τεχνικῆς
734 2775 853 2859 σοφίας
871 2774 927 2874 κατ’
947 2768 1061 2855 γνιάσει
1082 2771 1146 2837 τάν
1170 2771 1335 2846 ίναάτοίς
1358 2793 1427 2855 φυ-

321 3104 376 3146 non
396 3091 485 3156 privat
505 3089 588 3143 fllium
607 3089 655 3144 tali
677 3092 852 3161 cognitiones
877 3094 923 3162 qui
951 3100 1040 3161 potest
1057 3109 1127 3157 enm,
1146 3094 1192 3162 qai
1213 3093 1304 3146 cadero
1322 3095 1359 3146 sit
1376 3110 1431 3152 ese

322 3161 408 3218 sentia
426 3169 453 3214 et
472 3163 581 3214 eandem
602 3179 660 3214 eum
680 3171 755 3231 patre
776 3163 873 3218 habeat
894 3166 1097 3234 cognitionem:
1118 3173 1148 3217 ot
1168 3165 1248 3217 etiam
1261 3167 1320 3232 ipse
1339 3166 1373 3218 da
1393 3184 1424 3218 se

321 3239 450 3298 testator3
469 3233 561 3286 dicent
580 3242 609 3288 ut
629 3235 769 3304 cognoscit
782 3251 825 3286 me
846 3245 932 3304 pater,
952 3252 1004 3304 ego
1023 3251 1132 3305 quoqne
1149 3244 1251 3303 patrem
1269 3251 1423 3304 cognosco:

323 3311 350 3356 et
369 3304 467 3369 omnia,
490 3307 559 3372 qnae
578 3304 658 3364 habet
676 3314 762 3373 pater,
779 3322 840 3358 mea
857 3316 933 3360 sonte
963 3317 990 3360 et
1007 3323 1059 3377 ego
1081 3315 1108 3360 et
1129 3316 1204 3374 pater
1222 3304 1302 3360 onom
1320 3324 1423 3360 somus.

321 3383 466 3444 propterea
485 3375 522 3426 ibi
541 3377 646 3444 quidem
665 3378 693 3428 in
711 3378 755 3428 dei
776 3380 933 3447 cognitione
946 3388 1056 3446 propter
1069 3379 1217 3431 naturalem
1241 3387 1268 3430 et
1287 3381 1423 3432 essentia.

323 3445 375 3502 lem
396 3446 595 3498 similitudinem
613 3449 696 3514 patris
716 3456 743 3500 et
762 3447 812 3500 iiiii
830 3465 883 3502 non
903 3465 970 3517 opos
990 3450 1110 3503 initalia
1126 3452 1302 3502 curiositate:
1320 3452 1349 3502 in
1370 3466 1421 3504 co.

321 3519 444 3586 pnitionc
463 3526 562 3582 antem,
582 3533 650 3586 quoe
669 3520 697 3572 in
716 3521 814 3574 creatis
833 3530 966 3586 versatur,
986 3521 1189 3589 comprehendit
1209 3523 1288 3574 etiarn
1309 3524 1421 3590 sapien.

321 3591 384 3640 tiam
403 3589 510 3642 divinus
529 3589 573 3640 hie
595 3591 731 3654 tissimus,
752 3608 804 3660 qua
825 3601 853 3644 et
876 3595 904 3645 in
923 3609 976 3662 qua
994 3592 1061 3646 haec
1085 3593 1151 3644 iecit
1169 3595 1271 3646 omnies
1291 3609 1349 3645 cnm
1368 3611 1421 3646 ne..

324 3660 440 3713 cessaria
460 3669 532 3714 esset
549 3661 596 3714 tali
615 3661 659 3712 hic
679 3667 932 3718 commemoratione
951 3673 1060 3733 propter
1078 3665 1254 3729 snbstantias,
1277 3674 1306 3716 ot
1323 3665 1360 3717 ibi
1380 3668 1420 3719 si.

322 3731 408 3784 lentio
429 3731 492 3799 quia
510 3733 630 3786 omnibus
648 3743 739 3786 notum
760 3743 819 3799 est,
848 3753 909 3791 esse
934 3738 1076 3789 essentiam
1104 3737 1153 3789 iiiii
1180 3746 1207 3790 et
1230 3739 1315 3804 patris
1333 3738 1420 3790 indis.

323 3811 422 3854 cretam
442 3810 468 3852 et
493 3804 621 3858 eandem:
647 3805 746 3858 clarius
773 3816 861 3860 tamen
886 3825 967 3876 porro
995 3810 1073 3860 etiam
1092 3810 1199 3863 divinos
1224 3809 1268 3862 irie
1291 3810 1420 3862 iiaximos

322 3873 485 3927 demonstrat
503 3877 678 3944 progrediens
700 3894 759 3930 curo
779 3881 859 3932 etiam
884 3881 1045 3934 artificiosae
1067 3880 1127 3934 iilic
1152 3882 1313 3932 mentionem
1339 3881 1421 3932 iaciat

323 3944 490 4011 supientiae:
518 3962 553 3997 ne
578 3949 637 4014 quis
660 3950 813 4018 ignorantia
844 3960 874 4003 nt
900 3953 960 4006 iieri
978 3952 1050 4006 solet
1071 3968 1162 4006 errans
1186 3953 1248 4003 inde
1271 3952 1372 4004 incidat
1392 3954 1420 4004 ia
1514 4004 1515 4011 ,

322 4015 417 4082 impias
437 4017 656 4070 ratiocinationes
685 4029 711 4072 et
743 4038 791 4089 pro
821 4038 886 4076 vera
914 4026 1046 4092 sapientia
1068 4024 1239 4076 artificiosam
1257 4022 1332 4075 iilam
1351 4039 1420 4090 qnae

321 4094 363 4140 tes
384 4085 412 4136 in
434 4089 530 4154 creatis
550 4089 673 4154 opinetur
691 4093 858 4160 sapientiam,
888 4103 918 4147 ot
936 4097 1013 4148 etiarn
1033 4095 1152 4148 Paiamas
1170 4095 1214 4146 irie
1233 4103 1260 4146 et
1278 4095 1421 4148 convicia.

323 4166 366 4210 tus
386 4164 426 4218 est
445 4157 496 4207 iam
515 4166 593 4210 antea
612 4175 704 4226 saepe,
726 4171 752 4216 et
768 4181 840 4216 nunc
860 4182 951 4220 rursus
975 4170 1003 4219 in
1020 4167 1099 4220 nobie
1114 4182 1169 4220 non
1189 4166 1271 4233 pudet
1289 4181 1349 4218 enm
1368 4182 1421 4218 sn.

321 4230 386 4284 dere
406 4227 507 4280 inausa.
531 4230 568 4280 ait
587 4231 656 4282 enirn
675 4242 752 4300 post:
772 4236 876 4289 ratione
896 4246 924 4290 et
942 4246 1031 4292 mente
1050 4240 1170 4305 praedita
1187 4245 1281 4289 natura
1299 4252 1420 4305 eognos-

324 4301 361 4356 eit
381 4305 469 4352 creata
491 4299 733 4368 comprehensione
752 4306 953 4364 animadversae
981 4310 1062 4365 iniis
1088 4310 1250 4363 artificiosae
1268 4310 1425 4376 sapientiae
