<?xml version="1.0" encoding="UTF-8"?>
<!DOCTYPE html PUBLIC "-//W3C//DTD XHTML 1.0 Transitional//EN"
    "http://www.w3.org/TR/xhtml1/DTD/xhtml1-transitional.dtd">
<html xmlns="http://www.w3.org/1999/xhtml" xml:lang="en" lang="en">
 <head>
  <title>
</title>
<meta http-equiv="Content-Type" content="text/html;charset=utf-8" />
  <meta name='ocr-system' content='tesseract 3.04.00' />
  <meta name='ocr-capabilities' content='ocr_page ocr_carea ocr_par ocr_line ocrx_word'/>
</head>
<body>
  <div class='ocr_page' id='page_1' title='image "./nicephorigregor04schogoog_0047.png"; bbox 0 0 3184 5100; ppageno 0'>
   <div class='ocr_carea' id='block_1_1' title="bbox 342 414 1132 486">
    <p class='ocr_par' dir='ltr' id='par_1_1' title="bbox 342 414 1132 486">
     <span class='ocr_line' id='line_1_1' title="bbox 342 414 1132 486; baseline -0.003 0"><span class='ocrx_word' id='word_1_1' title='bbox 342 414 390 486; x_wconf 81' lang='grc'><strong>36</strong></span> <span class='ocrx_word' id='word_1_2' title='bbox 646 417 869 485; x_wconf 74' lang='lat' dir='ltr'><strong>NIOEPHORI</strong></span> <span class='ocrx_word' id='word_1_3' title='bbox 901 415 1132 484; x_wconf 75' lang='lat' dir='ltr'>GREGOME</span> 
     </span>
    </p>
   </div>
   <div class='ocr_carea' id='block_1_2' title="bbox 276 571 1484 2881">
    <p class='ocr_par' dir='ltr' id='par_1_2' title="bbox 276 571 1484 2881">
     <span class='ocr_line' id='line_1_2' title="bbox 338 571 1438 667; baseline -0.005 -23"><span class='ocrx_word' id='word_1_4' title='bbox 338 575 475 664; x_wconf 91' lang='grc' dir='ltr'><strong><em>θρόνους</em></strong></span> <span class='ocrx_word' id='word_1_5' title='bbox 495 580 609 664; x_wconf 83' lang='grc' dir='ltr'><strong><em>οοφοός</em></strong></span> <span class='ocrx_word' id='word_1_6' title='bbox 630 573 756 660; x_wconf 74' lang='grc' dir='ltr'><strong><em>ἑαυτόν,</em></strong></span> <span class='ocrx_word' id='word_1_7' title='bbox 779 581 977 667; x_wconf 73' lang='grc' dir='ltr'>συνῳκείωσε</span> <span class='ocrx_word' id='word_1_8' title='bbox 998 581 1026 641; x_wconf 86' lang='grc' dir='ltr'><strong>δ’</strong></span> <span class='ocrx_word' id='word_1_9' title='bbox 1054 571 1121 659; x_wconf 85' lang='grc' dir='ltr'><strong>όμα</strong></span> <span class='ocrx_word' id='word_1_10' title='bbox 1144 579 1189 663; x_wconf 72' lang='grc' dir='ltr'><strong>τῷ</strong></span> <span class='ocrx_word' id='word_1_11' title='bbox 1208 573 1359 665; x_wconf 81' lang='grc' dir='ltr'><strong><em>διαβόλρι.</em></strong></span> <span class='ocrx_word' id='word_1_12' title='bbox 1385 575 1438 640; x_wconf 88' lang='grc' dir='ltr'><strong><em>διό</em></strong></span> 
     </span>
     <span class='ocr_line' id='line_1_3' title="bbox 338 667 1440 764; baseline -0.004 -21"><span class='ocrx_word' id='word_1_13' title='bbox 338 681 393 743; x_wconf 87' lang='grc' dir='ltr'><strong>καί</strong></span> <span class='ocrx_word' id='word_1_14' title='bbox 413 685 594 744; x_wconf 72' lang='grc' dir='ltr'><strong>πλεονεκτεῖ</strong></span> <span class='ocrx_word' id='word_1_15' title='bbox 608 683 669 760; x_wconf 81' lang='grc' dir='ltr'><strong>μὲν</strong></span> <span class='ocrx_word' id='word_1_16' title='bbox 689 677 778 760; x_wconf 64' lang='grc' dir='ltr'><strong><em>,κατό</em></strong></span> <span class='ocrx_word' id='word_1_17' title='bbox 802 679 857 760; x_wconf 77' lang='grc' dir='ltr'><strong>τῆς</strong></span> <span class='ocrx_word' id='word_1_18' title='bbox 876 676 985 761; x_wconf 75' lang='grc' dir='ltr'><strong><em>χώρας</em></strong></span> <span class='ocrx_word' id='word_1_19' title='bbox 1008 675 1126 762; x_wconf 72' lang='grc' dir='ltr'><strong><em>ἐκείνης</em></strong></span> <span class='ocrx_word' id='word_1_20' title='bbox 1157 674 1195 742; x_wconf 81' lang='grc' dir='ltr'><strong>τό</strong></span> <span class='ocrx_word' id='word_1_21' title='bbox 1218 674 1331 760; x_wconf 84' lang='grc' dir='ltr'><strong><em>χείρω,</em></strong></span> <span class='ocrx_word' id='word_1_22' title='bbox 1354 667 1377 764; x_wconf 76' lang='grc' dir='ltr'><em>ᾗ</em></span> <span class='ocrx_word' id='word_1_23' title='bbox 1398 675 1440 740; x_wconf 86' lang='grc' dir='ltr'><strong>τό</strong></span> 
     </span>
     <span class='ocr_line' id='line_1_4' title="bbox 338 774 1438 865; baseline -0.002 -23"><span class='ocrx_word' id='word_1_24' title='bbox 338 776 448 844; x_wconf 79' lang='grc' dir='ltr'><strong><em>τοιοίδε</em></strong></span> <span class='ocrx_word' id='word_1_25' title='bbox 469 787 650 865; x_wconf 78' lang='grc' dir='ltr'><strong><em>γεωργεῖται</em></strong></span> <span class='ocrx_word' id='word_1_26' title='bbox 671 780 776 858; x_wconf 89' lang='grc' dir='ltr'><strong><em>κακό,</em></strong></span> <span class='ocrx_word' id='word_1_27' title='bbox 800 788 977 859; x_wconf 78' lang='grc' dir='ltr'><strong><em>μειονεκτεῖ</em></strong></span> <span class='ocrx_word' id='word_1_28' title='bbox 992 781 1022 842; x_wconf 87' lang='grc' dir='ltr'><strong>δ’</strong></span> <span class='ocrx_word' id='word_1_29' title='bbox 1044 774 1204 858; x_wconf 73' lang='grc' dir='ltr'><strong><em>ἑπομένας</em></strong></span> <span class='ocrx_word' id='word_1_30' title='bbox 1225 776 1263 842; x_wconf 84' lang='grc' dir='ltr'><strong>τό</strong></span> <span class='ocrx_word' id='word_1_31' title='bbox 1289 776 1438 863; x_wconf 75' lang='grc' dir='ltr'><strong>κρείττω·</strong></span> 
     </span>
     <span class='ocr_line' id='line_1_5' title="bbox 337 875 1440 964; baseline -0.005 -20"><span class='ocrx_word' id='word_1_32' title='bbox 337 885 393 946; x_wconf 87' lang='grc' dir='ltr'><strong>καί</strong></span> <span class='ocrx_word' id='word_1_33' title='bbox 412 883 530 964; x_wconf 89' lang='grc' dir='ltr'><strong><em>γίνεται</em></strong></span> <span class='ocrx_word' id='word_1_34' title='bbox 550 877 703 962; x_wconf 87' lang='grc' dir='ltr'><strong><em>παντελής</em></strong></span> <span class='ocrx_word' id='word_1_35' title='bbox 725 882 794 943; x_wconf 78' lang='grc' dir='ltr'><strong><em>ἐκεῖ</em></strong></span> <span class='ocrx_word' id='word_1_36' title='bbox 811 879 916 943; x_wconf 82' lang='grc' dir='ltr'><strong><em>καλοόν</em></strong></span> <span class='ocrx_word' id='word_1_37' title='bbox 939 877 1065 964; x_wconf 86' lang='grc' dir='ltr'><strong><em>ε’ρημία,</em></strong></span> <span class='ocrx_word' id='word_1_38' title='bbox 1081 875 1138 942; x_wconf 83' lang='grc' dir='ltr'><strong>καί</strong></span> <span class='ocrx_word' id='word_1_39' title='bbox 1151 886 1356 960; x_wconf 72' lang='grc' dir='ltr'><strong><em>καταργεῖται</em></strong></span> <span class='ocrx_word' id='word_1_40' title='bbox 1368 883 1440 940; x_wconf 88' lang='grc' dir='ltr'><strong><em>λοι-</em></strong></span> 
     </span>
     <span class='ocr_line' id='line_1_6' title="bbox 337 969 1466 1068; baseline -0.005 -23"><span class='ocrx_word' id='word_1_41' title='bbox 337 978 398 1045; x_wconf 91' lang='grc' dir='ltr'><strong>πόν</strong></span> <span class='ocrx_word' id='word_1_42' title='bbox 414 983 468 1046; x_wconf 89' lang='grc' dir='ltr'><strong>καί</strong></span> <span class='ocrx_word' id='word_1_43' title='bbox 483 980 499 1044; x_wconf 88' lang='grc' dir='ltr'><strong><em>ό</em></strong></span> <span class='ocrx_word' id='word_1_44' title='bbox 522 983 669 1064; x_wconf 75' lang='grc' dir='ltr'><strong><em>διάβολος</em></strong></span> <span class='ocrx_word' id='word_1_45' title='bbox 691 975 792 1065; x_wconf 83' lang='grc' dir='ltr'><strong><em>όρδην</em></strong></span> <span class='ocrx_word' id='word_1_46' title='bbox 808 981 907 1064; x_wconf 87' lang='grc' dir='ltr'><strong><em>ου’τής</em></strong></span> <span class='ocrx_word' id='word_1_47' title='bbox 925 973 1099 1062; x_wconf 76' lang='grc' dir='ltr'><strong><em>ιόσεβείας,</em></strong></span> <span class='ocrx_word' id='word_1_48' title='bbox 1118 979 1196 1064; x_wconf 87' lang='grc' dir='ltr'><strong><em>πρός</em></strong></span> <span class='ocrx_word' id='word_1_49' title='bbox 1218 969 1351 1068; x_wconf 60' lang='grc' dir='ltr'><strong><em>όρρησιν</em></strong></span> <span class='ocrx_word' id='word_1_50' title='bbox 1367 977 1466 1054; x_wconf 83' lang='grc' dir='ltr'><strong><em>τοός5</em></strong></span> 
     </span>
     <span class='ocr_line' id='line_1_7' title="bbox 338 1073 1442 1170; baseline -0.002 -24"><span class='ocrx_word' id='word_1_51' title='bbox 338 1077 426 1170; x_wconf 73' lang='grc' dir='ltr'><strong><em>ἀόιηῖ</em></strong></span> <span class='ocrx_word' id='word_1_52' title='bbox 449 1085 657 1164; x_wconf 72' lang='grc' dir='ltr'><strong><em>πειθομένους</em></strong></span> <span class='ocrx_word' id='word_1_53' title='bbox 690 1080 791 1162; x_wconf 76' lang='grc' dir='ltr'><strong><em>συχνοὶ</em></strong></span> <span class='ocrx_word' id='word_1_54' title='bbox 825 1083 988 1163; x_wconf 76' lang='grc' dir='ltr'><strong><em>ε’ρεθιζαιν.</em></strong></span> <span class='ocrx_word' id='word_1_55' title='bbox 1038 1073 1091 1145; x_wconf 84' lang='grc' dir='ltr'><strong>οἷα</strong></span> <span class='ocrx_word' id='word_1_56' title='bbox 1123 1079 1163 1165; x_wconf 89' lang='grc' dir='ltr'><strong>δή</strong></span> <span class='ocrx_word' id='word_1_57' title='bbox 1185 1079 1264 1144; x_wconf 87' lang='grc' dir='ltr'><strong><em>κόπί</em></strong></span> <span class='ocrx_word' id='word_1_58' title='bbox 1290 1078 1348 1163; x_wconf 88' lang='grc' dir='ltr'><strong>τήν</strong></span> <span class='ocrx_word' id='word_1_59' title='bbox 1368 1084 1442 1144; x_wconf 90' lang='grc' dir='ltr'><strong>Βυ-</strong></span> 
     </span>
     <span class='ocr_line' id='line_1_8' title="bbox 339 1178 1442 1266; baseline -0.004 -18"><span class='ocrx_word' id='word_1_60' title='bbox 339 1185 470 1262; x_wconf 83' lang='grc' dir='ltr'><strong><em>ζαντίων</em></strong></span> <span class='ocrx_word' id='word_1_61' title='bbox 490 1185 638 1266; x_wconf 78' lang='grc' dir='ltr'><strong><em>γενέσθαι</em></strong></span> <span class='ocrx_word' id='word_1_62' title='bbox 659 1186 864 1262; x_wconf 83' lang='grc' dir='ltr'><strong><em>ξυμπίπταικε</em></strong></span> <span class='ocrx_word' id='word_1_63' title='bbox 885 1187 1066 1248; x_wconf 76' lang='grc' dir='ltr'><strong><em>πολιτείαν·</em></strong></span> <span class='ocrx_word' id='word_1_64' title='bbox 1088 1179 1254 1266; x_wconf 92' lang='grc' dir='ltr'><strong><em>μισήσασα</em></strong></span> <span class='ocrx_word' id='word_1_65' title='bbox 1275 1178 1337 1264; x_wconf 85' lang='grc' dir='ltr'><strong>γόρ</strong></span> <span class='ocrx_word' id='word_1_66' title='bbox 1358 1180 1442 1263; x_wconf 86' lang='grc' dir='ltr'><strong><em>α’λή-</em></strong></span> 
     </span>
     <span class='ocr_line' id='line_1_9' title="bbox 337 1279 1442 1368; baseline -0.001 -20"><span class='ocrx_word' id='word_1_67' title='bbox 337 1279 433 1349; x_wconf 86' lang='grc' dir='ltr'><strong><em>θειαν</em></strong></span> <span class='ocrx_word' id='word_1_68' title='bbox 455 1282 557 1367; x_wconf 78' lang='grc' dir='ltr'><strong><em>ἐκείνη</em></strong></span> <span class='ocrx_word' id='word_1_69' title='bbox 578 1286 631 1348; x_wconf 89' lang='grc' dir='ltr'><strong>καί</strong></span> <span class='ocrx_word' id='word_1_70' title='bbox 647 1287 804 1367; x_wconf 79' lang='grc' dir='ltr'><strong><em>πολιτικῆς</em></strong></span> <span class='ocrx_word' id='word_1_71' title='bbox 816 1283 919 1367; x_wconf 77' lang='grc' dir='ltr'><strong><em>ἀρχῆς</em></strong></span> <span class='ocrx_word' id='word_1_72' title='bbox 933 1282 1146 1368; x_wconf 76' lang='grc' dir='ltr'><strong><em>δικαιοσύνην,</em></strong></span> <span class='ocrx_word' id='word_1_73' title='bbox 1168 1284 1397 1366; x_wconf 80' lang='grc' dir='ltr'><strong><em>οἶκειοοσαμίνη</em></strong></span> <span class='ocrx_word' id='word_1_74' title='bbox 1414 1285 1442 1346; x_wconf 79' lang='grc' dir='ltr'><strong>δ’</strong></span> 
     </span>
     <span class='ocr_line' id='line_1_10' title="bbox 339 1377 1441 1466; baseline -0.003 -14"><span class='ocrx_word' id='word_1_75' title='bbox 339 1387 465 1452; x_wconf 85' lang='grc' dir='ltr'><strong><em>οἶδικίαν</em></strong></span> <span class='ocrx_word' id='word_1_76' title='bbox 481 1389 536 1448; x_wconf 88' lang='grc' dir='ltr'><strong>καί</strong></span> <span class='ocrx_word' id='word_1_77' title='bbox 549 1387 678 1465; x_wconf 77' lang='grc' dir='ltr'><strong><em>ψεῦδος,</em></strong></span> <span class='ocrx_word' id='word_1_78' title='bbox 699 1380 788 1459; x_wconf 84' lang='grc' dir='ltr'><strong><em>όλαις</em></strong></span> <span class='ocrx_word' id='word_1_79' title='bbox 804 1382 969 1465; x_wconf 77' lang='grc' dir='ltr'><strong><em>παλάμαις</em></strong></span> <span class='ocrx_word' id='word_1_80' title='bbox 981 1381 1038 1458; x_wconf 86' lang='grc' dir='ltr'><strong>τός</strong></span> <span class='ocrx_word' id='word_1_81' title='bbox 1057 1377 1173 1466; x_wconf 76' lang='grc' dir='ltr'><strong><em>ἓαυτής</em></strong></span> <span class='ocrx_word' id='word_1_82' title='bbox 1188 1384 1268 1465; x_wconf 89' lang='grc' dir='ltr'><strong><em>πρός</em></strong></span> <span class='ocrx_word' id='word_1_83' title='bbox 1290 1383 1441 1464; x_wconf 76' lang='grc' dir='ltr'><strong><em>α’σόβειαν</em></strong></span> 
     </span>
     <span class='ocr_line' id='line_1_11' title="bbox 339 1480 1483 1572; baseline 0 -24"><span class='ocrx_word' id='word_1_84' title='bbox 339 1487 509 1549; x_wconf 81' lang='grc' dir='ltr'><strong><em>α’νεπὲτασι</em></strong></span> <span class='ocrx_word' id='word_1_85' title='bbox 534 1482 646 1559; x_wconf 85' lang='grc' dir='ltr'><strong><em>πόλος.</em></strong></span> <span class='ocrx_word' id='word_1_86' title='bbox 682 1483 817 1569; x_wconf 86' lang='grc' dir='ltr'><strong><em>κόπειδή</em></strong></span> <span class='ocrx_word' id='word_1_87' title='bbox 839 1486 883 1570; x_wconf 75' lang='grc' dir='ltr'><strong>τῷ</strong></span> <span class='ocrx_word' id='word_1_88' title='bbox 905 1480 1219 1572; x_wconf 77' lang='grc' dir='ltr'><strong><em>διαβόλῳ’σιο’ματος</em></strong></span> <span class='ocrx_word' id='word_1_89' title='bbox 1241 1481 1297 1548; x_wconf 65' lang='lat' dir='ltr'><strong>ine*</strong></span> <span class='ocrx_word' id='word_1_90' title='bbox 1316 1481 1439 1560; x_wconf 87' lang='grc' dir='ltr'><strong><em>τοότοις</em></strong></span> <span class='ocrx_word' id='word_1_91' title='bbox 1451 1491 1483 1544; x_wconf 82' lang='grc'><strong>10</strong></span> 
     </span>
     <span class='ocr_line' id='line_1_12' title="bbox 339 1581 1441 1672; baseline -0.003 -20"><span class='ocrx_word' id='word_1_92' title='bbox 339 1584 406 1652; x_wconf 77' lang='grc' dir='ltr'><strong><em>ἔδει</em></strong></span> <span class='ocrx_word' id='word_1_93' title='bbox 426 1589 481 1650; x_wconf 86' lang='grc' dir='ltr'><strong>καί</strong></span> <span class='ocrx_word' id='word_1_94' title='bbox 502 1581 637 1666; x_wconf 88' lang='grc' dir='ltr'><strong><em>όργόνοα</em></strong></span> <span class='ocrx_word' id='word_1_95' title='bbox 659 1584 747 1667; x_wconf 90' lang='grc' dir='ltr'><strong><em>μόλα</em></strong></span> <span class='ocrx_word' id='word_1_96' title='bbox 774 1587 865 1672; x_wconf 77' lang='grc' dir='ltr'><strong><em>αιίτρῖ</em></strong></span> <span class='ocrx_word' id='word_1_97' title='bbox 882 1586 1092 1669; x_wconf 84' lang='grc' dir='ltr'><strong><em>προσήκοντος</em></strong></span> <span class='ocrx_word' id='word_1_98' title='bbox 1114 1587 1181 1666; x_wconf 83' lang='grc' dir='ltr'><strong><em>νόν,</em></strong></span> <span class='ocrx_word' id='word_1_99' title='bbox 1205 1584 1345 1670; x_wconf 82' lang='grc' dir='ltr'><strong><em>ε’όρίσκει</em></strong></span> <span class='ocrx_word' id='word_1_100' title='bbox 1362 1590 1441 1650; x_wconf 91' lang='grc' dir='ltr'><strong>Πα-</strong></span> 
     </span>
     <span class='ocr_line' id='line_1_13' title="bbox 339 1683 1440 1771; baseline 0.001 -21"><span class='ocrx_word' id='word_1_101' title='bbox 339 1689 465 1768; x_wconf 84' lang='grc' dir='ltr'><strong><em>λαμοῖν,</em></strong></span> <span class='ocrx_word' id='word_1_102' title='bbox 496 1683 683 1770; x_wconf 83' lang='grc' dir='ltr'><strong><em>α’νδρόρισν,</em></strong></span> <span class='ocrx_word' id='word_1_103' title='bbox 716 1685 758 1762; x_wconf 76' lang='grc' dir='ltr'><strong>αἱς</strong></span> <span class='ocrx_word' id='word_1_104' title='bbox 782 1686 901 1770; x_wconf 78' lang='grc' dir='ltr'><strong><em>οἰκήκοα</em></strong></span> <span class='ocrx_word' id='word_1_105' title='bbox 922 1689 1002 1771; x_wconf 71' lang='grc' dir='ltr'><strong><em>μέν,</em></strong></span> <span class='ocrx_word' id='word_1_106' title='bbox 1026 1688 1242 1771; x_wconf 79' lang='grc' dir='ltr'><strong><em>ἑντελέστερον</em></strong></span> <span class='ocrx_word' id='word_1_107' title='bbox 1277 1687 1308 1748; x_wconf 88' lang='grc' dir='ltr'><strong>δ’</strong></span> <span class='ocrx_word' id='word_1_108' title='bbox 1329 1689 1364 1750; x_wconf 80' lang='grc' dir='ltr'><strong>ἐκ</strong></span> <span class='ocrx_word' id='word_1_109' title='bbox 1385 1693 1440 1770; x_wconf 78' lang='grc' dir='ltr'><strong>τῆς</strong></span> 
     </span>
     <span class='ocr_line' id='line_1_14' title="bbox 340 1780 1442 1873; baseline -0.001 -21"><span class='ocrx_word' id='word_1_110' title='bbox 340 1788 441 1852; x_wconf 71' lang='lat' dir='ltr'><strong>adeat</strong></span> <span class='ocrx_word' id='word_1_111' title='bbox 457 1786 656 1871; x_wconf 89' lang='grc' dir='ltr'><strong><em>μεμαθήκειν</em></strong></span> <span class='ocrx_word' id='word_1_112' title='bbox 678 1788 825 1873; x_wconf 78' lang='grc' dir='ltr'><strong><em>γραφῆς,</em></strong></span> <span class='ocrx_word' id='word_1_113' title='bbox 846 1790 969 1863; x_wconf 80' lang='grc' dir='ltr'><strong><em>εότελὲς</em></strong></span> <span class='ocrx_word' id='word_1_114' title='bbox 992 1790 1050 1868; x_wconf 81' lang='grc' dir='ltr'><strong>μὲν</strong></span> <span class='ocrx_word' id='word_1_115' title='bbox 1082 1780 1184 1862; x_wconf 82' lang='grc' dir='ltr'><strong><em>όλλισς</em></strong></span> <span class='ocrx_word' id='word_1_116' title='bbox 1204 1790 1260 1852; x_wconf 86' lang='grc' dir='ltr'><strong>καί</strong></span> <span class='ocrx_word' id='word_1_117' title='bbox 1280 1787 1363 1870; x_wconf 85' lang='grc' dir='ltr'><strong><em>πλήν</em></strong></span> <span class='ocrx_word' id='word_1_118' title='bbox 1384 1790 1442 1851; x_wconf 84' lang='grc' dir='ltr'><strong>τοό</strong></span> 
     </span>
     <span class='ocr_line' id='line_1_15' title="bbox 340 1885 1442 1971; baseline -0.002 -19"><span class='ocrx_word' id='word_1_119' title='bbox 340 1891 511 1965; x_wconf 76' lang='grc' dir='ltr'><strong><em>κενοδοξεῖν</em></strong></span> <span class='ocrx_word' id='word_1_120' title='bbox 543 1891 598 1952; x_wconf 88' lang='grc' dir='ltr'><strong>καί</strong></span> <span class='ocrx_word' id='word_1_121' title='bbox 626 1891 667 1952; x_wconf 89' lang='grc' dir='ltr'><strong><em>δι’</em></strong></span> <span class='ocrx_word' id='word_1_122' title='bbox 692 1887 769 1954; x_wconf 86' lang='grc' dir='ltr'><strong><em>αότό</em></strong></span> <span class='ocrx_word' id='word_1_123' title='bbox 790 1892 826 1971; x_wconf 86' lang='grc' dir='ltr'><strong><em>γε’</em></strong></span> <span class='ocrx_word' id='word_1_124' title='bbox 848 1912 896 1952; x_wconf 92' lang='grc' dir='ltr'><strong><em>τοι</em></strong></span> <span class='ocrx_word' id='word_1_125' title='bbox 917 1893 1009 1954; x_wconf 81' lang='grc' dir='ltr'><strong><em>τοῦτο</em></strong></span> <span class='ocrx_word' id='word_1_126' title='bbox 1039 1890 1220 1966; x_wconf 83' lang='grc' dir='ltr'><strong><em>κακοδοξεϊν</em></strong></span> <span class='ocrx_word' id='word_1_127' title='bbox 1240 1891 1335 1952; x_wconf 79' lang='grc' dir='ltr'><strong><em>πλέον</em></strong></span> <span class='ocrx_word' id='word_1_128' title='bbox 1356 1885 1442 1963; x_wconf 81' lang='grc' dir='ltr'><strong><em>εἶδός</em></strong></span> 
     </span>
     <span class='ocr_line' id='line_1_16' title="bbox 276 1987 1482 2078; baseline -0.002 -24"><span class='ocrx_word' id='word_1_129' title='bbox 276 2039 277 2048; x_wconf 29' lang='grc' dir='ltr'><strong><em>ι</em></strong></span> <span class='ocrx_word' id='word_1_130' title='bbox 340 1991 432 2056; x_wconf 82' lang='grc' dir='ltr'><strong><em>ου’δὲν</em></strong></span> <span class='ocrx_word' id='word_1_131' title='bbox 455 1989 552 2072; x_wconf 81' lang='grc' dir='ltr'><strong><em>όγιὲς·</em></strong></span> <span class='ocrx_word' id='word_1_132' title='bbox 573 1991 628 2054; x_wconf 87' lang='grc' dir='ltr'><strong>καί</strong></span> <span class='ocrx_word' id='word_1_133' title='bbox 649 1988 749 2078; x_wconf 78' lang='grc' dir='ltr'><strong><em>κου’τιγ</em></strong></span> <span class='ocrx_word' id='word_1_134' title='bbox 771 1998 954 2072; x_wconf 78' lang='grc' dir='ltr'><strong><em>συμμαχεῖν</em></strong></span> <span class='ocrx_word' id='word_1_135' title='bbox 976 1989 1131 2070; x_wconf 86' lang='grc' dir='ltr'><strong><em>πεπεικοός</em></strong></span> <span class='ocrx_word' id='word_1_136' title='bbox 1152 1987 1225 2064; x_wconf 89' lang='grc' dir='ltr'><strong><em>τοός</em></strong></span> <span class='ocrx_word' id='word_1_137' title='bbox 1246 1991 1279 2052; x_wconf 81' lang='grc' dir='ltr'><strong>δν</strong></span> <span class='ocrx_word' id='word_1_138' title='bbox 1300 1992 1442 2077; x_wconf 70' lang='grc' dir='ltr'><strong><em>ἐξουσίᾳ,</em></strong></span> <span class='ocrx_word' id='word_1_139' title='bbox 1451 1995 1482 2047; x_wconf 85' lang='grc'><strong>15</strong></span> 
     </span>
     <span class='ocr_line' id='line_1_17' title="bbox 342 2083 1442 2173; baseline 0.001 -21"><span class='ocrx_word' id='word_1_140' title='bbox 342 2084 443 2154; x_wconf 87' lang='grc' dir='ltr'><strong><em>πόντα</em></strong></span> <span class='ocrx_word' id='word_1_141' title='bbox 473 2085 654 2173; x_wconf 77' lang='grc' dir='ltr'><strong><em>συλλήβδην</em></strong></span> <span class='ocrx_word' id='word_1_142' title='bbox 681 2092 798 2170; x_wconf 77' lang='grc' dir='ltr'><strong><em>εἰπεῖν,</em></strong></span> <span class='ocrx_word' id='word_1_143' title='bbox 835 2086 937 2154; x_wconf 88' lang='grc' dir='ltr'><strong><em>όπόσα</em></strong></span> <span class='ocrx_word' id='word_1_144' title='bbox 957 2093 1023 2156; x_wconf 88' lang='grc' dir='ltr'><strong><em>κατ’</em></strong></span> <span class='ocrx_word' id='word_1_145' title='bbox 1056 2086 1172 2164; x_wconf 85' lang='grc' dir='ltr'><strong><em>όλλοος</em></strong></span> <span class='ocrx_word' id='word_1_146' title='bbox 1193 2083 1274 2153; x_wconf 85' lang='grc' dir='ltr'><strong><em>όλλα</em></strong></span> <span class='ocrx_word' id='word_1_147' title='bbox 1309 2087 1442 2172; x_wconf 89' lang='grc' dir='ltr'><strong><em>καιροός</em></strong></span> 
     </span>
     <span class='ocr_line' id='line_1_18' title="bbox 341 2186 1442 2276; baseline -0.002 -22"><span class='ocrx_word' id='word_1_148' title='bbox 341 2199 410 2264; x_wconf 80' lang='grc' dir='ltr'><strong><em>ταῖς</em></strong></span> <span class='ocrx_word' id='word_1_149' title='bbox 430 2193 485 2254; x_wconf 79' lang='grc' dir='ltr'><strong>τοῦ</strong></span> <span class='ocrx_word' id='word_1_150' title='bbox 507 2192 586 2254; x_wconf 77' lang='grc' dir='ltr'><strong><em>θεοῦ</em></strong></span> <span class='ocrx_word' id='word_1_151' title='bbox 615 2188 793 2274; x_wconf 77' lang='grc' dir='ltr'><strong><em>ἐκκλησίαις</em></strong></span> <span class='ocrx_word' id='word_1_152' title='bbox 814 2188 933 2276; x_wconf 79' lang='grc' dir='ltr'><strong><em>βίβηλό</em></strong></span> <span class='ocrx_word' id='word_1_153' title='bbox 955 2216 988 2256; x_wconf 90' lang='grc' dir='ltr'><strong><em>τε</em></strong></span> <span class='ocrx_word' id='word_1_154' title='bbox 1016 2195 1071 2256; x_wconf 81' lang='grc' dir='ltr'><strong><em>κατ’</em></strong></span> <span class='ocrx_word' id='word_1_155' title='bbox 1092 2189 1173 2254; x_wconf 90' lang='grc' dir='ltr'><strong><em>νόθα</em></strong></span> <span class='ocrx_word' id='word_1_156' title='bbox 1194 2186 1442 2274; x_wconf 85' lang='grc' dir='ltr'><strong><em>παρεισεφθόρη</em></strong></span> 
     </span>
     <span class='ocr_line' id='line_1_19' title="bbox 342 2288 1443 2376; baseline -0.003 -21"><span class='ocrx_word' id='word_1_157' title='bbox 342 2289 503 2373; x_wconf 87' lang='grc' dir='ltr'><strong><em>δόγματα,</em></strong></span> <span class='ocrx_word' id='word_1_158' title='bbox 537 2289 617 2374; x_wconf 84' lang='grc' dir='ltr'><strong><em>πρός</em></strong></span> <span class='ocrx_word' id='word_1_159' title='bbox 639 2292 694 2356; x_wconf 79' lang='grc' dir='ltr'><strong>ἕνα</strong></span> <span class='ocrx_word' id='word_1_160' title='bbox 717 2291 842 2356; x_wconf 86' lang='grc' dir='ltr'><strong><em>τουτονί</em></strong></span> <span class='ocrx_word' id='word_1_161' title='bbox 874 2289 1032 2375; x_wconf 89' lang='grc' dir='ltr'><strong><em>σονήλασε</em></strong></span> <span class='ocrx_word' id='word_1_162' title='bbox 1050 2288 1185 2376; x_wconf 88' lang='grc' dir='ltr'><strong><em>χρόνον,</em></strong></span> <span class='ocrx_word' id='word_1_163' title='bbox 1207 2292 1262 2354; x_wconf 88' lang='grc' dir='ltr'><strong>καί</strong></span> <span class='ocrx_word' id='word_1_164' title='bbox 1279 2289 1443 2371; x_wconf 72' lang='grc' dir='ltr'><strong><em>πολύχουν</em></strong></span> 
     </span>
     <span class='ocr_line' id='line_1_20' title="bbox 342 2387 1442 2480; baseline -0.004 -24"><span class='ocrx_word' id='word_1_165' title='bbox 342 2395 461 2480; x_wconf 78' lang='grc' dir='ltr'><strong><em>κομιδῇ</em></strong></span> <span class='ocrx_word' id='word_1_166' title='bbox 479 2388 513 2455; x_wconf 88' lang='grc' dir='ltr'><strong>τό</strong></span> <span class='ocrx_word' id='word_1_167' title='bbox 540 2391 677 2476; x_wconf 85' lang='grc' dir='ltr'><strong><em>πονηρόν</em></strong></span> <span class='ocrx_word' id='word_1_168' title='bbox 699 2394 850 2456; x_wconf 81' lang='grc' dir='ltr'><strong><em>ἐσκέδασε</em></strong></span> <span class='ocrx_word' id='word_1_169' title='bbox 870 2389 951 2456; x_wconf 84' lang='grc' dir='ltr'><strong>κατοὶ</strong></span> <span class='ocrx_word' id='word_1_170' title='bbox 976 2395 1032 2475; x_wconf 82' lang='grc' dir='ltr'><strong>τής</strong></span> <span class='ocrx_word' id='word_1_171' title='bbox 1054 2395 1220 2476; x_wconf 80' lang='grc' dir='ltr'><strong><em>ἐκκλησίας</em></strong></span> <span class='ocrx_word' id='word_1_172' title='bbox 1240 2393 1390 2474; x_wconf 81' lang='grc' dir='ltr'><strong><em>Χριστοῦ</em></strong></span> <span class='ocrx_word' id='word_1_173' title='bbox 1410 2387 1442 2453; x_wconf 87' lang='grc' dir='ltr'><strong>τό</strong></span> 
     </span>
     <span class='ocr_line' id='line_1_21' title="bbox 341 2490 1484 2579; baseline -0.006 -20"><span class='ocrx_word' id='word_1_174' title='bbox 341 2491 501 2579; x_wconf 79' lang='grc' dir='ltr'><strong><em>γεοόργιον.</em></strong></span> <span class='ocrx_word' id='word_1_175' title='bbox 547 2493 586 2557; x_wconf 86' lang='grc' dir='ltr'><strong>ον’</strong></span> <span class='ocrx_word' id='word_1_176' title='bbox 615 2490 677 2575; x_wconf 87' lang='grc' dir='ltr'><strong>γόρ</strong></span> <span class='ocrx_word' id='word_1_177' title='bbox 712 2496 885 2558; x_wconf 82' lang='grc' dir='ltr'><strong><em>πολυθείαν</em></strong></span> <span class='ocrx_word' id='word_1_178' title='bbox 909 2493 1005 2576; x_wconf 91' lang='grc' dir='ltr'><strong><em>μόνον</em></strong></span> <span class='ocrx_word' id='word_1_179' title='bbox 1029 2496 1172 2571; x_wconf 81' lang='grc' dir='ltr'><strong><em>ἐδίδαξεν</em></strong></span> <span class='ocrx_word' id='word_1_180' title='bbox 1193 2491 1209 2558; x_wconf 88' lang='grc' dir='ltr'><strong><em>ό</em></strong></span> <span class='ocrx_word' id='word_1_181' title='bbox 1232 2495 1484 2576; x_wconf 73' lang='grc' dir='ltr'><strong><em>ταλαιπωρος,20</em></strong></span> 
     </span>
     <span class='ocr_line' id='line_1_22' title="bbox 344 2590 1444 2679; baseline -0.006 -16"><span class='ocrx_word' id='word_1_182' title='bbox 344 2595 423 2663; x_wconf 86' lang='grc' dir='ltr'><strong><em>α’λλό</em></strong></span> <span class='ocrx_word' id='word_1_183' title='bbox 447 2594 502 2659; x_wconf 86' lang='grc' dir='ltr'><em>καί</em></span> <span class='ocrx_word' id='word_1_184' title='bbox 526 2594 640 2657; x_wconf 83' lang='grc' dir='ltr'><strong><em>α’θεΐαν</em></strong></span> <span class='ocrx_word' id='word_1_185' title='bbox 660 2597 893 2674; x_wconf 79' lang='grc' dir='ltr'><strong><em>προστέθεικεν,</em></strong></span> <span class='ocrx_word' id='word_1_186' title='bbox 916 2592 1124 2679; x_wconf 83' lang='grc' dir='ltr'><strong><em>α’ρειανισμόκ</em></strong></span> <span class='ocrx_word' id='word_1_187' title='bbox 1144 2598 1178 2657; x_wconf 68' lang='grc' dir='ltr'><strong><em>θ’</em></strong></span> <span class='ocrx_word' id='word_1_188' title='bbox 1196 2590 1265 2676; x_wconf 84' lang='grc' dir='ltr'><strong>όμα</strong></span> <span class='ocrx_word' id='word_1_189' title='bbox 1285 2591 1341 2657; x_wconf 85' lang='grc' dir='ltr'><strong>καί</strong></span> <span class='ocrx_word' id='word_1_190' title='bbox 1360 2595 1444 2656; x_wconf 83' lang='grc' dir='ltr'><strong><em>είκο-</em></strong></span> 
     </span>
     <span class='ocr_line' id='line_1_23' title="bbox 343 2685 1444 2781; baseline -0.004 -20"><span class='ocrx_word' id='word_1_191' title='bbox 343 2700 500 2779; x_wconf 88' lang='grc' dir='ltr'><strong><em>υομαχιάν</em></strong></span> <span class='ocrx_word' id='word_1_192' title='bbox 521 2697 577 2759; x_wconf 88' lang='grc' dir='ltr'><strong>καί</strong></span> <span class='ocrx_word' id='word_1_193' title='bbox 594 2694 744 2771; x_wconf 76' lang='grc' dir='ltr'><strong><em>καθάπαξ</em></strong></span> <span class='ocrx_word' id='word_1_194' title='bbox 764 2685 895 2781; x_wconf 85' lang='grc' dir='ltr'><strong><em>όρνησιν</em></strong></span> <span class='ocrx_word' id='word_1_195' title='bbox 917 2699 1094 2777; x_wconf 82' lang='grc' dir='ltr'><strong><em>οἰκονομίας</em></strong></span> <span class='ocrx_word' id='word_1_196' title='bbox 1116 2692 1272 2781; x_wconf 85' lang='grc' dir='ltr'><strong><em>ε’νσοίρκου</em></strong></span> <span class='ocrx_word' id='word_1_197' title='bbox 1294 2698 1353 2759; x_wconf 76' lang='lat' dir='ltr'><strong>soei</strong></span> <span class='ocrx_word' id='word_1_198' title='bbox 1372 2691 1444 2758; x_wconf 77' lang='grc' dir='ltr'><strong><em>υἱοῦ</em></strong></span> 
     </span>
     <span class='ocr_line' id='line_1_24' title="bbox 342 2793 1443 2881; baseline -0.002 -20"><span class='ocrx_word' id='word_1_199' title='bbox 342 2800 397 2863; x_wconf 88' lang='grc' dir='ltr'><strong>καί</strong></span> <span class='ocrx_word' id='word_1_200' title='bbox 417 2796 512 2881; x_wconf 89' lang='grc' dir='ltr'><strong><em>λόγου</em></strong></span> <span class='ocrx_word' id='word_1_201' title='bbox 530 2798 587 2862; x_wconf 81' lang='grc' dir='ltr'><strong>τοῦ</strong></span> <span class='ocrx_word' id='word_1_202' title='bbox 607 2798 693 2861; x_wconf 78' lang='grc' dir='ltr'><strong><em>θεοῦ.</em></strong></span> <span class='ocrx_word' id='word_1_203' title='bbox 739 2800 794 2861; x_wconf 85' lang='grc' dir='ltr'><strong>καί</strong></span> <span class='ocrx_word' id='word_1_204' title='bbox 814 2800 844 2863; x_wconf 90' lang='grc' dir='ltr'><strong>τί</strong></span> <span class='ocrx_word' id='word_1_205' title='bbox 866 2799 920 2861; x_wconf 77' lang='grc' dir='ltr'><strong><em>δεῖ</em></strong></span> <span class='ocrx_word' id='word_1_206' title='bbox 935 2799 1010 2863; x_wconf 89' lang='grc' dir='ltr'><strong><em>καθ’</em></strong></span> <span class='ocrx_word' id='word_1_207' title='bbox 1039 2799 1158 2863; x_wconf 77' lang='grc' dir='ltr'><strong><em>ἕκαστα</em></strong></span> <span class='ocrx_word' id='word_1_208' title='bbox 1182 2798 1294 2880; x_wconf 77' lang='grc' dir='ltr'><strong><em>λέγειν,</em></strong></span> <span class='ocrx_word' id='word_1_209' title='bbox 1315 2793 1387 2874; x_wconf 74' lang='grc' dir='ltr'><strong><em>ἐξόν</em></strong></span> <span class='ocrx_word' id='word_1_210' title='bbox 1410 2797 1443 2859; x_wconf 80' lang='grc' dir='ltr'><strong>δκ</strong></span> 
     </span>
    </p>
   </div>
   <div class='ocr_carea' id='block_1_3' title="bbox 276 3101 1463 4397">
    <p class='ocr_par' dir='ltr' id='par_1_3' title="bbox 276 3101 1463 4397">
     <span class='ocr_line' id='line_1_25' title="bbox 281 3101 1446 3171; baseline -0.005 -12"><span class='ocrx_word' id='word_1_211' title='bbox 281 3150 292 3159; x_wconf 85' lang='grc'><em>,</em></span> <span class='ocrx_word' id='word_1_212' title='bbox 343 3104 475 3171; x_wconf 82' lang='lat' dir='ltr'><strong>pessimae</strong></span> <span class='ocrx_word' id='word_1_213' title='bbox 494 3110 564 3156; x_wconf 90' lang='lat' dir='ltr'><strong>artes</strong></span> <span class='ocrx_word' id='word_1_214' title='bbox 584 3102 755 3171; x_wconf 77' lang='lat' dir='ltr'><strong>praevalent,</strong></span> <span class='ocrx_word' id='word_1_215' title='bbox 775 3103 888 3156; x_wconf 88' lang='lat' dir='ltr'><strong>virtutes</strong></span> <span class='ocrx_word' id='word_1_216' title='bbox 908 3116 974 3154; x_wconf 82' lang='lat' dir='ltr'><strong>uero</strong></span> <span class='ocrx_word' id='word_1_217' title='bbox 1000 3102 1155 3155; x_wconf 88' lang='lat' dir='ltr'><strong>necessario</strong></span> <span class='ocrx_word' id='word_1_218' title='bbox 1175 3101 1332 3153; x_wconf 84' lang='lat' dir='ltr'><strong>inferiorem</strong></span> <span class='ocrx_word' id='word_1_219' title='bbox 1350 3109 1446 3155; x_wconf 85' lang='lat' dir='ltr'><strong>teuent</strong></span> 
     </span>
     <span class='ocr_line' id='line_1_26' title="bbox 344 3170 1445 3241; baseline -0.001 -15"><span class='ocrx_word' id='word_1_220' title='bbox 344 3174 450 3238; x_wconf 82' lang='lat' dir='ltr'><strong>locum3</strong></span> <span class='ocrx_word' id='word_1_221' title='bbox 472 3174 509 3225; x_wconf 93' lang='lat' dir='ltr'><strong>ibi</strong></span> <span class='ocrx_word' id='word_1_222' title='bbox 530 3176 620 3228; x_wconf 81' lang='lat' dir='ltr'><strong>existit</strong></span> <span class='ocrx_word' id='word_1_223' title='bbox 639 3176 753 3227; x_wconf 90' lang='lat' dir='ltr'><strong>omnium</strong></span> <span class='ocrx_word' id='word_1_224' title='bbox 772 3175 902 3225; x_wconf 88' lang='lat' dir='ltr'><strong>bonorum</strong></span> <span class='ocrx_word' id='word_1_225' title='bbox 922 3175 1049 3237; x_wconf 80' lang='lat' dir='ltr'><strong>vastitas3</strong></span> <span class='ocrx_word' id='word_1_226' title='bbox 1069 3173 1106 3225; x_wconf 92' lang='lat' dir='ltr'><strong>ibi</strong></span> <span class='ocrx_word' id='word_1_227' title='bbox 1131 3174 1246 3241; x_wconf 87' lang='lat' dir='ltr'><strong>denique</strong></span> <span class='ocrx_word' id='word_1_228' title='bbox 1265 3170 1396 3225; x_wconf 77' lang='lat' dir='ltr'><strong>diabolus</strong></span> <span class='ocrx_word' id='word_1_229' title='bbox 1415 3176 1445 3229; x_wconf 90' lang='lat' dir='ltr'><strong>ia</strong></span> 
     </span>
     <span class='ocr_line' id='line_1_27' title="bbox 344 3244 1445 3315; baseline -0.002 -18"><span class='ocrx_word' id='word_1_230' title='bbox 344 3246 428 3313; x_wconf 90' lang='lat' dir='ltr'><strong>ipsam</strong></span> <span class='ocrx_word' id='word_1_231' title='bbox 446 3245 608 3315; x_wconf 82' lang='lat' dir='ltr'>religionem</span> <span class='ocrx_word' id='word_1_232' title='bbox 626 3247 856 3315; x_wconf 84' lang='lat' dir='ltr'><strong>impudentissime</strong></span> <span class='ocrx_word' id='word_1_233' title='bbox 875 3244 995 3309; x_wconf 89' lang='lat' dir='ltr'><strong>insultat,</strong></span> <span class='ocrx_word' id='word_1_234' title='bbox 1015 3252 1129 3312; x_wconf 90' lang='lat' dir='ltr'><strong>quamut</strong></span> <span class='ocrx_word' id='word_1_235' title='bbox 1147 3244 1281 3312; x_wconf 77' lang='lat' dir='ltr'>denegent</span> <span class='ocrx_word' id='word_1_236' title='bbox 1300 3253 1327 3295; x_wconf 92' lang='lat' dir='ltr'><strong>et</strong></span> <span class='ocrx_word' id='word_1_237' title='bbox 1345 3244 1445 3297; x_wconf 87' lang='lat' dir='ltr'><strong>tollant</strong></span> 
     </span>
     <span class='ocr_line' id='line_1_28' title="bbox 343 3315 1445 3385; baseline -0.002 -15"><span class='ocrx_word' id='word_1_238' title='bbox 343 3333 407 3371; x_wconf 85' lang='lat' dir='ltr'><strong>suos</strong></span> <span class='ocrx_word' id='word_1_239' title='bbox 426 3318 544 3370; x_wconf 87' lang='lat' dir='ltr'><strong>asseclas</strong></span> <span class='ocrx_word' id='word_1_240' title='bbox 566 3320 665 3369; x_wconf 84' lang='lat' dir='ltr'><strong>acriter</strong></span> <span class='ocrx_word' id='word_1_241' title='bbox 689 3318 807 3385; x_wconf 85' lang='lat' dir='ltr'><strong>instigat.</strong></span> <span class='ocrx_word' id='word_1_242' title='bbox 845 3315 900 3367; x_wconf 88' lang='lat' dir='ltr'><strong>tale</strong></span> <span class='ocrx_word' id='word_1_243' title='bbox 919 3316 982 3383; x_wconf 91' lang='lat' dir='ltr'><strong>quid</strong></span> <span class='ocrx_word' id='word_1_244' title='bbox 1000 3317 1079 3367; x_wconf 89' lang='lat' dir='ltr'><strong>etiam</strong></span> <span class='ocrx_word' id='word_1_245' title='bbox 1097 3315 1287 3382; x_wconf 72' lang='lat' dir='ltr'><strong>Byzantiorum</strong></span> <span class='ocrx_word' id='word_1_246' title='bbox 1307 3317 1348 3366; x_wconf 89' lang='lat' dir='ltr'><strong>rei</strong></span> <span class='ocrx_word' id='word_1_247' title='bbox 1372 3316 1445 3384; x_wconf 89' lang='lat' dir='ltr'><strong>pub-</strong></span> 
     </span>
     <span class='ocr_line' id='line_1_29' title="bbox 343 3378 1463 3455; baseline -0.002 -14"><span class='ocrx_word' id='word_1_248' title='bbox 343 3390 414 3441; x_wconf 89' lang='lat' dir='ltr'><strong>licae</strong></span> <span class='ocrx_word' id='word_1_249' title='bbox 434 3390 539 3440; x_wconf 88' lang='lat' dir='ltr'><strong>accidit.</strong></span> <span class='ocrx_word' id='word_1_250' title='bbox 578 3389 640 3439; x_wconf 91' lang='lat' dir='ltr'><strong>odio</strong></span> <span class='ocrx_word' id='word_1_251' title='bbox 660 3389 728 3439; x_wconf 91' lang='lat' dir='ltr'><strong>enim</strong></span> <span class='ocrx_word' id='word_1_252' title='bbox 748 3390 776 3439; x_wconf 93' lang='lat' dir='ltr'><strong>in</strong></span> <span class='ocrx_word' id='word_1_253' title='bbox 794 3389 936 3439; x_wconf 84' lang='lat' dir='ltr'><strong>veritatem</strong></span> <span class='ocrx_word' id='word_1_254' title='bbox 957 3395 983 3437; x_wconf 91' lang='lat' dir='ltr'><strong>et</strong></span> <span class='ocrx_word' id='word_1_255' title='bbox 1007 3388 1112 3454; x_wconf 92' lang='lat' dir='ltr'><strong>imperii</strong></span> <span class='ocrx_word' id='word_1_256' title='bbox 1136 3388 1262 3438; x_wconf 89' lang='lat' dir='ltr'><strong>iustitiam</strong></span> <span class='ocrx_word' id='word_1_257' title='bbox 1289 3378 1463 3455; x_wconf 74' lang='lat' dir='ltr'><strong>concepto‚&#39;</strong></span> 
     </span>
     <span class='ocr_line' id='line_1_30' title="bbox 343 3458 1446 3525; baseline -0.004 -14"><span class='ocrx_word' id='word_1_258' title='bbox 343 3460 476 3512; x_wconf 84' lang='lat' dir='ltr'><strong>iniustitia</strong></span> <span class='ocrx_word' id='word_1_259' title='bbox 494 3475 560 3511; x_wconf 89' lang='lat' dir='ltr'><strong>vero</strong></span> <span class='ocrx_word' id='word_1_260' title='bbox 580 3467 606 3510; x_wconf 88' lang='lat' dir='ltr'><strong>et</strong></span> <span class='ocrx_word' id='word_1_261' title='bbox 624 3458 768 3511; x_wconf 73' lang='lat' dir='ltr'><strong>mendaciis</strong></span> <span class='ocrx_word' id='word_1_262' title='bbox 790 3459 898 3512; x_wconf 81' lang='lat' dir='ltr'><strong>adscitis</strong></span> <span class='ocrx_word' id='word_1_263' title='bbox 915 3459 986 3509; x_wconf 91' lang='lat' dir='ltr'><strong>omui</strong></span> <span class='ocrx_word' id='word_1_264' title='bbox 1006 3458 1103 3509; x_wconf 86' lang='lat' dir='ltr'><strong>virium</strong></span> <span class='ocrx_word' id='word_1_265' title='bbox 1123 3460 1294 3509; x_wconf 87' lang='lat' dir='ltr'><strong>contentione</strong></span> <span class='ocrx_word' id='word_1_266' title='bbox 1312 3460 1446 3525; x_wconf 85' lang='lat' dir='ltr'><strong>impietati</strong></span> 
     </span>
     <span class='ocr_line' id='line_1_31' title="bbox 276 3524 1445 3599; baseline -0.004 -15"><span class='ocrx_word' id='word_1_267' title='bbox 276 3524 282 3537; x_wconf 87' lang='lat'><em>&#39;</em></span> <span class='ocrx_word' id='word_1_268' title='bbox 344 3532 417 3584; x_wconf 86' lang='lat' dir='ltr'><strong>fores</strong></span> <span class='ocrx_word' id='word_1_269' title='bbox 436 3530 557 3585; x_wconf 88' lang='lat' dir='ltr'><strong>reclusit,</strong></span> <span class='ocrx_word' id='word_1_270' title='bbox 595 3546 648 3599; x_wconf 86' lang='lat' dir='ltr'><strong>que</strong></span> <span class='ocrx_word' id='word_1_271' title='bbox 666 3532 694 3581; x_wconf 92' lang='lat' dir='ltr'><strong>in</strong></span> <span class='ocrx_word' id='word_1_272' title='bbox 714 3546 831 3599; x_wconf 81' lang='lat' dir='ltr'><strong>aequum</strong></span> <span class='ocrx_word' id='word_1_273' title='bbox 850 3529 957 3582; x_wconf 90' lang='lat' dir='ltr'><strong>diabolo</strong></span> <span class='ocrx_word' id='word_1_274' title='bbox 977 3530 1214 3597; x_wconf 90' lang='lat' dir='ltr'><strong>corporequodam</strong></span> <span class='ocrx_word' id='word_1_275' title='bbox 1234 3531 1445 3581; x_wconf 88' lang='lat' dir='ltr'><strong>etinstrumento</strong></span> 
     </span>
     <span class='ocr_line' id='line_1_32' title="bbox 344 3600 1445 3669; baseline -0.009 -12"><span class='ocrx_word' id='word_1_276' title='bbox 344 3602 395 3657; x_wconf 84' lang='lat' dir='ltr'><strong>sibi</strong></span> <span class='ocrx_word' id='word_1_277' title='bbox 412 3602 492 3669; x_wconf 87' lang='lat' dir='ltr'><strong>plane</strong></span> <span class='ocrx_word' id='word_1_278' title='bbox 513 3603 692 3655; x_wconf 88' lang='lat' dir='ltr'><strong>conveniente</strong></span> <span class='ocrx_word' id='word_1_279' title='bbox 712 3617 778 3667; x_wconf 85' lang='lat' dir='ltr'><strong>opus</strong></span> <span class='ocrx_word' id='word_1_280' title='bbox 799 3610 892 3665; x_wconf 88' lang='lat' dir='ltr'><strong>esset,</strong></span> <span class='ocrx_word' id='word_1_281' title='bbox 912 3603 1014 3668; x_wconf 90' lang='lat' dir='ltr'><strong>reperit</strong></span> <span class='ocrx_word' id='word_1_282' title='bbox 1033 3616 1103 3653; x_wconf 88' lang='lat' dir='ltr'><strong>nuuc</strong></span> <span class='ocrx_word' id='word_1_283' title='bbox 1121 3600 1272 3665; x_wconf 71' lang='lat' dir='ltr'><strong>Palmam,</strong></span> <span class='ocrx_word' id='word_1_284' title='bbox 1292 3601 1445 3653; x_wconf 87' lang='lat' dir='ltr'><strong>bomuncu.</strong></span> 
     </span>
     <span class='ocr_line' id='line_1_33' title="bbox 343 3673 1445 3743; baseline -0.002 -18"><span class='ocrx_word' id='word_1_285' title='bbox 343 3674 419 3739; x_wconf 90' lang='lat' dir='ltr'><strong>lum,</strong></span> <span class='ocrx_word' id='word_1_286' title='bbox 438 3683 468 3726; x_wconf 92' lang='lat' dir='ltr'><strong>ut</strong></span> <span class='ocrx_word' id='word_1_287' title='bbox 487 3676 576 3726; x_wconf 89' lang='lat' dir='ltr'><strong>audivi</strong></span> <span class='ocrx_word' id='word_1_288' title='bbox 596 3674 701 3742; x_wconf 91' lang='lat' dir='ltr'><strong>quidem</strong></span> <span class='ocrx_word' id='word_1_289' title='bbox 723 3674 888 3743; x_wconf 70' lang='lat' dir='ltr'><strong>(accuratius</strong></span> <span class='ocrx_word' id='word_1_290' title='bbox 908 3680 995 3723; x_wconf 91' lang='lat' dir='ltr'><strong>autem</strong></span> <span class='ocrx_word' id='word_1_291' title='bbox 1013 3688 1046 3723; x_wconf 87' lang='lat' dir='ltr'><strong>ex</strong></span> <span class='ocrx_word' id='word_1_292' title='bbox 1064 3673 1164 3739; x_wconf 90' lang='lat' dir='ltr'><strong>scripto</strong></span> <span class='ocrx_word' id='word_1_293' title='bbox 1184 3674 1268 3739; x_wconf 87' lang='lat' dir='ltr'><strong>ipsius</strong></span> <span class='ocrx_word' id='word_1_294' title='bbox 1288 3689 1348 3724; x_wconf 89' lang='lat' dir='ltr'><strong>eum</strong></span> <span class='ocrx_word' id='word_1_295' title='bbox 1375 3688 1445 3740; x_wconf 83' lang='lat' dir='ltr'><strong>eog-</strong></span> 
     </span>
     <span class='ocr_line' id='line_1_34' title="bbox 342 3743 1445 3815; baseline -0.002 -18"><span class='ocrx_word' id='word_1_296' title='bbox 342 3746 436 3815; x_wconf 85' lang='lat' dir='ltr'><strong>novi),</strong></span> <span class='ocrx_word' id='word_1_297' title='bbox 454 3745 612 3797; x_wconf 86' lang='lat' dir='ltr'><strong>vilissimum</strong></span> <span class='ocrx_word' id='word_1_298' title='bbox 630 3761 719 3813; x_wconf 91' lang='lat' dir='ltr'><strong>neque</strong></span> <span class='ocrx_word' id='word_1_299' title='bbox 737 3744 879 3813; x_wconf 87' lang='lat' dir='ltr'><strong>quidquam</strong></span> <span class='ocrx_word' id='word_1_300' title='bbox 898 3743 1011 3809; x_wconf 90' lang='lat' dir='ltr'><strong>amplius</strong></span> <span class='ocrx_word' id='word_1_301' title='bbox 1021 3745 1149 3795; x_wconf 90' lang='lat' dir='ltr'><strong>scientem</strong></span> <span class='ocrx_word' id='word_1_302' title='bbox 1169 3746 1221 3795; x_wconf 90' lang='lat' dir='ltr'><strong>nisi</strong></span> <span class='ocrx_word' id='word_1_303' title='bbox 1240 3744 1373 3811; x_wconf 91' lang='lat' dir='ltr'><strong>quomodo</strong></span> <span class='ocrx_word' id='word_1_304' title='bbox 1394 3759 1445 3796; x_wconf 77' lang='lat' dir='ltr'><strong>us-</strong></span> 
     </span>
     <span class='ocr_line' id='line_1_35' title="bbox 343 3814 1446 3883; baseline -0.003 -16"><span class='ocrx_word' id='word_1_305' title='bbox 343 3830 404 3867; x_wconf 89' lang='lat' dir='ltr'><strong>nam</strong></span> <span class='ocrx_word' id='word_1_306' title='bbox 425 3815 538 3883; x_wconf 85' lang='lat' dir='ltr'><strong>gloriam</strong></span> <span class='ocrx_word' id='word_1_307' title='bbox 558 3824 677 3883; x_wconf 89' lang='lat' dir='ltr'><strong>captaret</strong></span> <span class='ocrx_word' id='word_1_308' title='bbox 697 3823 724 3867; x_wconf 91' lang='lat' dir='ltr'><strong>et</strong></span> <span class='ocrx_word' id='word_1_309' title='bbox 743 3816 776 3866; x_wconf 94' lang='lat' dir='ltr'><strong>ob</strong></span> <span class='ocrx_word' id='word_1_310' title='bbox 794 3816 820 3867; x_wconf 90' lang='lat' dir='ltr'><strong>id</strong></span> <span class='ocrx_word' id='word_1_311' title='bbox 839 3817 924 3882; x_wconf 89' lang='lat' dir='ltr'><strong>ipsum</strong></span> <span class='ocrx_word' id='word_1_312' title='bbox 943 3830 1040 3881; x_wconf 89' lang='lat' dir='ltr'><strong>pravas</strong></span> <span class='ocrx_word' id='word_1_313' title='bbox 1063 3815 1205 3882; x_wconf 86' lang='lat' dir='ltr'><strong>opiniones</strong></span> <span class='ocrx_word' id='word_1_314' title='bbox 1230 3815 1353 3883; x_wconf 81' lang='lat' dir='ltr'><strong>fingeret.</strong></span> <span class='ocrx_word' id='word_1_315' title='bbox 1402 3814 1446 3865; x_wconf 91' lang='lat' dir='ltr'><strong>cui</strong></span> 
     </span>
     <span class='ocr_line' id='line_1_36' title="bbox 345 3886 1445 3955; baseline 0.001 -18"><span class='ocrx_word' id='word_1_316' title='bbox 345 3901 425 3954; x_wconf 92' lang='lat' dir='ltr'><strong>quum</strong></span> <span class='ocrx_word' id='word_1_317' title='bbox 444 3887 532 3938; x_wconf 90' lang='lat' dir='ltr'><strong>socios</strong></span> <span class='ocrx_word' id='word_1_318' title='bbox 550 3888 715 3939; x_wconf 81' lang='lat' dir='ltr'><strong>adiunxisset</strong></span> <span class='ocrx_word' id='word_1_319' title='bbox 732 3887 878 3954; x_wconf 88' lang='lat' dir='ltr'><strong>principes,</strong></span> <span class='ocrx_word' id='word_1_320' title='bbox 900 3886 1030 3955; x_wconf 85' lang='lat' dir='ltr'><strong>dogmata,</strong></span> <span class='ocrx_word' id='word_1_321' title='bbox 1050 3894 1079 3937; x_wconf 91' lang='lat' dir='ltr'><strong>ut</strong></span> <span class='ocrx_word' id='word_1_322' title='bbox 1099 3887 1192 3952; x_wconf 89' lang='lat' dir='ltr'><strong>paucis</strong></span> <span class='ocrx_word' id='word_1_323' title='bbox 1213 3886 1445 3953; x_wconf 86' lang='lat' dir='ltr'><strong>eomprehendam,</strong></span> 
     </span>
     <span class='ocr_line' id='line_1_37' title="bbox 345 3956 1445 4027; baseline -0.004 -19"><span class='ocrx_word' id='word_1_324' title='bbox 345 3956 458 4024; x_wconf 81' lang='lat' dir='ltr'><strong>profana</strong></span> <span class='ocrx_word' id='word_1_325' title='bbox 477 3964 557 4025; x_wconf 88' lang='lat' dir='ltr'><strong>atque</strong></span> <span class='ocrx_word' id='word_1_326' title='bbox 577 3957 734 4023; x_wconf 88' lang='lat' dir='ltr'><strong>adulterata,</strong></span> <span class='ocrx_word' id='word_1_327' title='bbox 754 3958 930 4027; x_wconf 87' lang='lat' dir='ltr'><strong>quaecunque</strong></span> <span class='ocrx_word' id='word_1_328' title='bbox 948 3957 1010 4010; x_wconf 88' lang='lat' dir='ltr'><strong>aliis</strong></span> <span class='ocrx_word' id='word_1_329' title='bbox 1029 3958 1083 4009; x_wconf 90' lang='lat' dir='ltr'><strong>alia</strong></span> <span class='ocrx_word' id='word_1_330' title='bbox 1101 3957 1265 4024; x_wconf 87' lang='lat' dir='ltr'><strong>temporibus</strong></span> <span class='ocrx_word' id='word_1_331' title='bbox 1285 3959 1313 4008; x_wconf 89' lang='lat' dir='ltr'><strong>iu</strong></span> <span class='ocrx_word' id='word_1_332' title='bbox 1332 3958 1376 4009; x_wconf 92' lang='lat' dir='ltr'><strong>dei</strong></span> <span class='ocrx_word' id='word_1_333' title='bbox 1397 3973 1445 4008; x_wconf 91' lang='lat' dir='ltr'><strong>ec.</strong></span> 
     </span>
     <span class='ocr_line' id='line_1_38' title="bbox 346 4026 1446 4097; baseline -0.001 -19"><span class='ocrx_word' id='word_1_334' title='bbox 346 4026 443 4080; x_wconf 88' lang='lat' dir='ltr'><strong>clesias</strong></span> <span class='ocrx_word' id='word_1_335' title='bbox 464 4029 617 4095; x_wconf 88' lang='lat' dir='ltr'><strong>perniciose</strong></span> <span class='ocrx_word' id='word_1_336' title='bbox 637 4029 824 4096; x_wconf 86' lang='lat' dir='ltr'><strong>obrepserant,</strong></span> <span class='ocrx_word' id='word_1_337' title='bbox 844 4028 929 4080; x_wconf 89' lang='lat' dir='ltr'><strong>hocce</strong></span> <span class='ocrx_word' id='word_1_338' title='bbox 950 4038 1071 4097; x_wconf 85' lang='lat' dir='ltr'><strong>tempore</strong></span> <span class='ocrx_word' id='word_1_339' title='bbox 1089 4036 1183 4080; x_wconf 91' lang='lat' dir='ltr'><strong>cuneta</strong></span> <span class='ocrx_word' id='word_1_340' title='bbox 1203 4030 1295 4097; x_wconf 85' lang='lat' dir='ltr'><strong>coegit</strong></span> <span class='ocrx_word' id='word_1_341' title='bbox 1320 4037 1347 4080; x_wconf 91' lang='lat' dir='ltr'><strong>et</strong></span> <span class='ocrx_word' id='word_1_342' title='bbox 1364 4028 1446 4083; x_wconf 86' lang='lat' dir='ltr'><strong>Chri.</strong></span> 
     </span>
     <span class='ocr_line' id='line_1_39' title="bbox 344 4099 1447 4169; baseline -0.002 -17"><span class='ocrx_word' id='word_1_343' title='bbox 344 4101 378 4152; x_wconf 91' lang='lat' dir='ltr'><strong>sti</strong></span> <span class='ocrx_word' id='word_1_344' title='bbox 399 4099 532 4153; x_wconf 88' lang='lat' dir='ltr'><strong>eeclesiae</strong></span> <span class='ocrx_word' id='word_1_345' title='bbox 551 4099 707 4151; x_wconf 86' lang='lat' dir='ltr'><strong>uberrimam</strong></span> <span class='ocrx_word' id='word_1_346' title='bbox 730 4108 756 4151; x_wconf 90' lang='lat' dir='ltr'><strong>et</strong></span> <span class='ocrx_word' id='word_1_347' title='bbox 774 4101 872 4168; x_wconf 90' lang='lat' dir='ltr'><strong>oppido</strong></span> <span class='ocrx_word' id='word_1_348' title='bbox 891 4102 992 4152; x_wconf 85' lang='lat' dir='ltr'><strong>variam</strong></span> <span class='ocrx_word' id='word_1_349' title='bbox 1012 4100 1189 4165; x_wconf 89' lang='lat' dir='ltr'><strong>improbitatis</strong></span> <span class='ocrx_word' id='word_1_350' title='bbox 1209 4102 1315 4169; x_wconf 83' lang='lat' dir='ltr'><strong>frugem</strong></span> <span class='ocrx_word' id='word_1_351' title='bbox 1333 4101 1447 4167; x_wconf 89' lang='lat' dir='ltr'><strong>adsper-</strong></span> 
     </span>
     <span class='ocr_line' id='line_1_40' title="bbox 345 4170 1446 4239; baseline -0.002 -16"><span class='ocrx_word' id='word_1_352' title='bbox 345 4171 389 4223; x_wconf 89' lang='lat' dir='ltr'><strong>sit.</strong></span> <span class='ocrx_word' id='word_1_353' title='bbox 411 4185 470 4223; x_wconf 89' lang='lat' dir='ltr'><strong>uam</strong></span> <span class='ocrx_word' id='word_1_354' title='bbox 488 4173 569 4224; x_wconf 84' lang='lat' dir='ltr'><strong>miser</strong></span> <span class='ocrx_word' id='word_1_355' title='bbox 583 4173 634 4223; x_wconf 91' lang='lat' dir='ltr'><strong>iste</strong></span> <span class='ocrx_word' id='word_1_356' title='bbox 655 4185 709 4222; x_wconf 90' lang='lat' dir='ltr'><strong>uon</strong></span> <span class='ocrx_word' id='word_1_357' title='bbox 728 4172 814 4223; x_wconf 85' lang='lat' dir='ltr'><strong>solum</strong></span> <span class='ocrx_word' id='word_1_358' title='bbox 832 4171 1039 4239; x_wconf 76' lang='lat' dir='ltr'><strong>polytbeismum</strong></span> <span class='ocrx_word' id='word_1_359' title='bbox 1058 4170 1159 4235; x_wconf 85' lang='lat' dir='ltr'><strong>docuit,</strong></span> <span class='ocrx_word' id='word_1_360' title='bbox 1179 4172 1226 4223; x_wconf 89' lang='lat' dir='ltr'><strong>sed</strong></span> <span class='ocrx_word' id='word_1_361' title='bbox 1245 4174 1323 4223; x_wconf 90' lang='lat' dir='ltr'><strong>etiam</strong></span> <span class='ocrx_word' id='word_1_362' title='bbox 1341 4170 1446 4222; x_wconf 90' lang='lat' dir='ltr'><strong>atheis-</strong></span> 
     </span>
     <span class='ocr_line' id='line_1_41' title="bbox 344 4240 1445 4310; baseline -0.003 -17"><span class='ocrx_word' id='word_1_363' title='bbox 344 4258 415 4293; x_wconf 91' lang='lat' dir='ltr'><strong>mum</strong></span> <span class='ocrx_word' id='word_1_364' title='bbox 434 4244 532 4295; x_wconf 89' lang='lat' dir='ltr'><strong>addidit</strong></span> <span class='ocrx_word' id='word_1_365' title='bbox 551 4242 684 4310; x_wconf 91' lang='lat' dir='ltr'><strong>simulque</strong></span> <span class='ocrx_word' id='word_1_366' title='bbox 702 4242 880 4295; x_wconf 79' lang='lat' dir='ltr'><strong>Ariauismum</strong></span> <span class='ocrx_word' id='word_1_367' title='bbox 900 4252 927 4294; x_wconf 92' lang='lat' dir='ltr'><strong>et</strong></span> <span class='ocrx_word' id='word_1_368' title='bbox 946 4240 1167 4305; x_wconf 86' lang='lat' dir='ltr'><strong>iconomachiam,</strong></span> <span class='ocrx_word' id='word_1_369' title='bbox 1189 4244 1377 4295; x_wconf 86' lang='lat' dir='ltr'><strong>infitiationem</strong></span> <span class='ocrx_word' id='word_1_370' title='bbox 1395 4242 1445 4293; x_wconf 90' lang='lat' dir='ltr'><strong>de.</strong></span> 
     </span>
     <span class='ocr_line' id='line_1_42' title="bbox 280 4312 1445 4397; baseline -0.009 -26"><span class='ocrx_word' id='word_1_371' title='bbox 280 4368 283 4376; x_wconf 22' lang='grc' dir='ltr'><strong>Δ</strong></span> <span class='ocrx_word' id='word_1_372' title='bbox 345 4314 428 4397; x_wconf 83' lang='lat' dir='ltr'><strong>nique</strong></span> <span class='ocrx_word' id='word_1_373' title='bbox 448 4315 639 4371; x_wconf 82' lang='lat' dir='ltr'><strong>incarnationis</strong></span> <span class='ocrx_word' id='word_1_374' title='bbox 658 4313 707 4367; x_wconf 87' lang='lat' dir='ltr'><strong>filii</strong></span> <span class='ocrx_word' id='word_1_375' title='bbox 727 4313 860 4384; x_wconf 78' lang='lat' dir='ltr'><strong>verbique</strong></span> <span class='ocrx_word' id='word_1_376' title='bbox 879 4315 932 4367; x_wconf 90' lang='lat' dir='ltr'><strong>dei.</strong></span> <span class='ocrx_word' id='word_1_377' title='bbox 970 4312 1017 4365; x_wconf 92' lang='lat' dir='ltr'><strong>sed</strong></span> <span class='ocrx_word' id='word_1_378' title='bbox 1036 4313 1099 4382; x_wconf 90' lang='lat' dir='ltr'><strong>quid</strong></span> <span class='ocrx_word' id='word_1_379' title='bbox 1117 4315 1213 4367; x_wconf 88' lang='lat' dir='ltr'><strong>attinet</strong></span> <span class='ocrx_word' id='word_1_380' title='bbox 1231 4312 1339 4385; x_wconf 73' lang='lat' dir='ltr'><strong>singula</strong></span> <span class='ocrx_word' id='word_1_381' title='bbox 1348 4329 1445 4384; x_wconf 84' lang='lat' dir='ltr'><strong>perse.</strong></span> 
     </span>
    </p>
   </div>
   <div class='ocr_carea' id='block_1_4' title="bbox 0 0 1603 5100">
    <p class='ocr_par' dir='ltr' id='par_1_4' title="bbox 0 0 1603 5100">
     <span class='ocr_line' id='line_1_43' title="bbox 0 0 1603 5100; baseline 0 0"><span class='ocrx_word' id='word_1_382' title='bbox 0 0 1603 5100; x_wconf 95' lang='lat' dir='ltr'><strong> </strong></span> 
     </span>
    </p>
   </div>
  </div>
 </body>
</html>
