<?xml version="1.0" encoding="UTF-8"?>
<!DOCTYPE html PUBLIC "-//W3C//DTD XHTML 1.0 Transitional//EN"
    "http://www.w3.org/TR/xhtml1/DTD/xhtml1-transitional.dtd">
<html xmlns="http://www.w3.org/1999/xhtml" xml:lang="en" lang="en">
 <head>
  <title>
</title>
<meta http-equiv="Content-Type" content="text/html;charset=utf-8" />
  <meta name='ocr-system' content='tesseract 3.04.00' />
  <meta name='ocr-capabilities' content='ocr_page ocr_carea ocr_par ocr_line ocrx_word'/>
</head>
<body>
  <div class='ocr_page' id='page_1' title='image "./nicephorigregor04schogoog_0281.png"; bbox 0 0 3184 5100; ppageno 0'>
   <div class='ocr_carea' id='block_1_1' title="bbox 338 369 1150 497">
    <p class='ocr_par' dir='ltr' id='par_1_1' title="bbox 338 369 1150 497">
     <span class='ocr_line' id='line_1_1' title="bbox 338 369 1150 497; baseline -0.014 -24"><span class='ocrx_word' id='word_1_1' title='bbox 338 392 413 474; x_wconf 76' lang='lat' dir='ltr'><strong>eto</strong></span> <span class='ocrx_word' id='word_1_2' title='bbox 634 369 864 471; x_wconf 63' lang='lat' dir='ltr'><strong>&#39;armanum</strong></span> <span class='ocrx_word' id='word_1_3' title='bbox 891 393 1150 497; x_wconf 33' lang='lat' dir='ltr'><strong>casanata·</strong></span> 
     </span>
    </p>
   </div>
   <div class='ocr_carea' id='block_1_2' title="bbox 300 552 1444 953">
    <p class='ocr_par' dir='ltr' id='par_1_2' title="bbox 300 552 1444 953">
     <span class='ocr_line' id='line_1_2' title="bbox 300 552 1444 651; baseline -0.017 -13"><span class='ocrx_word' id='word_1_4' title='bbox 300 572 397 639; x_wconf 67' lang='lat' dir='ltr'><strong>scot</strong></span> <span class='ocrx_word' id='word_1_5' title='bbox 427 564 488 651; x_wconf 68' lang='grc' dir='ltr'><strong><em>μὰρ</em></strong></span> <span class='ocrx_word' id='word_1_6' title='bbox 511 566 707 647; x_wconf 77' lang='grc' dir='ltr'><strong><em>ε’ρεθιζοντσς</em></strong></span> <span class='ocrx_word' id='word_1_7' title='bbox 734 568 791 629; x_wconf 90' lang='grc' dir='ltr'><strong><em>καί</em></strong></span> <span class='ocrx_word' id='word_1_8' title='bbox 811 559 919 646; x_wconf 85' lang='grc' dir='ltr'><strong><em>μα’χην</em></strong></span> <span class='ocrx_word' id='word_1_9' title='bbox 954 564 1076 627; x_wconf 69' lang='lat' dir='ltr'><strong>tactam</strong></span> <span class='ocrx_word' id='word_1_10' title='bbox 1098 552 1267 623; x_wconf 75' lang='grc' dir='ltr'><strong><em>ἀντίπαλον</em></strong></span> <span class='ocrx_word' id='word_1_11' title='bbox 1288 554 1444 619; x_wconf 76' lang='grc' dir='ltr'><strong><em>α’νιστῶν·</em></strong></span> 
     </span>
     <span class='ocr_line' id='line_1_3' title="bbox 338 660 1441 753; baseline -0.015 -18"><span class='ocrx_word' id='word_1_12' title='bbox 338 693 391 745; x_wconf 89' lang='grc' dir='ltr'><strong>τος</strong></span> <span class='ocrx_word' id='word_1_13' title='bbox 416 669 474 733; x_wconf 76' lang='lat' dir='ltr'><strong>oda</strong></span> <span class='ocrx_word' id='word_1_14' title='bbox 510 660 599 743; x_wconf 75' lang='grc' dir='ltr'><strong><em>ἔντος</em></strong></span> <span class='ocrx_word' id='word_1_15' title='bbox 629 663 663 732; x_wconf 77' lang='grc' dir='ltr'><strong><em>έν</em></strong></span> <span class='ocrx_word' id='word_1_16' title='bbox 686 666 869 753; x_wconf 76' lang='grc' dir='ltr'><strong><em>ὀφθαλμοῖς</em></strong></span> <span class='ocrx_word' id='word_1_17' title='bbox 898 662 987 745; x_wconf 72' lang='grc' dir='ltr'><strong><em>ἡμῶν</em></strong></span> <span class='ocrx_word' id='word_1_18' title='bbox 1019 662 1158 749; x_wconf 84' lang='grc' dir='ltr'><strong><em>ιίφανείρ</em></strong></span> <span class='ocrx_word' id='word_1_19' title='bbox 1181 660 1441 737; x_wconf 80' lang='grc' dir='ltr'><strong><em>κεκαλυμμέναι,</em></strong></span> 
     </span>
     <span class='ocr_line' id='line_1_4' title="bbox 338 752 1442 850; baseline -0.012 -16"><span class='ocrx_word' id='word_1_20' title='bbox 338 770 523 835; x_wconf 75' lang='grc' dir='ltr'><strong><em>παύσεσθαι</em></strong></span> <span class='ocrx_word' id='word_1_21' title='bbox 543 768 577 833; x_wconf 86' lang='grc' dir='ltr'><strong><em>τό</em></strong></span> <span class='ocrx_word' id='word_1_22' title='bbox 601 765 772 850; x_wconf 76' lang='grc' dir='ltr'><strong><em>νεμόμενον</em></strong></span> <span class='ocrx_word' id='word_1_23' title='bbox 796 768 850 850; x_wconf 78' lang='grc' dir='ltr'><strong>τῆς</strong></span> <span class='ocrx_word' id='word_1_24' title='bbox 873 765 948 829; x_wconf 85' lang='grc' dir='ltr'><strong><em>καθ’</em></strong></span> <span class='ocrx_word' id='word_1_25' title='bbox 975 763 1065 847; x_wconf 73' lang='grc' dir='ltr'><strong><em>ήμαῖν</em></strong></span> <span class='ocrx_word' id='word_1_26' title='bbox 1085 765 1197 835; x_wconf 88' lang='grc' dir='ltr'><strong><em>κακίας</em></strong></span> <span class='ocrx_word' id='word_1_27' title='bbox 1219 760 1341 849; x_wconf 81' lang='grc' dir='ltr'><strong><em>ρι’ήθην.</em></strong></span> <span class='ocrx_word' id='word_1_28' title='bbox 1364 752 1442 821; x_wconf 81' lang='grc' dir='ltr'><strong><em>ὅθεν</em></strong></span> 
     </span>
     <span class='ocr_line' id='line_1_5' title="bbox 338 854 1441 953; baseline -0.013 -16"><span class='ocrx_word' id='word_1_29' title='bbox 338 870 448 953; x_wconf 77' lang='grc' dir='ltr'><strong><em>ε’πειόή</em></strong></span> <span class='ocrx_word' id='word_1_30' title='bbox 467 877 532 945; x_wconf 74' lang='grc' dir='ltr'><strong><em>τοῖς</em></strong></span> <span class='ocrx_word' id='word_1_31' title='bbox 563 864 672 945; x_wconf 71' lang='grc' dir='ltr'><strong><em>ἄλλοις</em></strong></span> <span class='ocrx_word' id='word_1_32' title='bbox 700 866 915 952; x_wconf 76' lang='grc' dir='ltr'><strong><em>παραινοῦντί</em></strong></span> <span class='ocrx_word' id='word_1_33' title='bbox 935 888 988 945; x_wconf 91' lang='grc' dir='ltr'><strong>μοι</strong></span> <span class='ocrx_word' id='word_1_34' title='bbox 1013 885 1088 937; x_wconf 88' lang='grc' dir='ltr'><strong><em>τους</em></strong></span> <span class='ocrx_word' id='word_1_35' title='bbox 1111 863 1318 941; x_wconf 72' lang='grc' dir='ltr'><strong>πειθομένους</strong></span> <span class='ocrx_word' id='word_1_36' title='bbox 1339 854 1441 943; x_wconf 80' lang='grc' dir='ltr'><em>ἥκιστ’</em></span> 
     </span>
    </p>
   </div>
   <div class='ocr_carea' id='block_1_3' title="bbox 302 964 1485 2679">
    <p class='ocr_par' dir='ltr' id='par_1_3' title="bbox 302 964 1485 2679">
     <span class='ocr_line' id='line_1_6' title="bbox 336 964 1463 1061; baseline -0.003 -25"><span class='ocrx_word' id='word_1_37' title='bbox 336 970 425 1055; x_wconf 75' lang='grc' dir='ltr'><strong><em>ἔχειν</em></strong></span> <span class='ocrx_word' id='word_1_38' title='bbox 444 974 541 1059; x_wconf 81' lang='grc' dir='ltr'><strong><em>ένήν,</em></strong></span> <span class='ocrx_word' id='word_1_39' title='bbox 576 971 612 1037; x_wconf 87' lang='grc' dir='ltr'><strong><em>τό</em></strong></span> <span class='ocrx_word' id='word_1_40' title='bbox 641 980 709 1037; x_wconf 87' lang='grc' dir='ltr'><strong><em>κατ’</em></strong></span> <span class='ocrx_word' id='word_1_41' title='bbox 741 969 879 1052; x_wconf 80' lang='grc' dir='ltr'><strong><em>ἐμαυτόν</em></strong></span> <span class='ocrx_word' id='word_1_42' title='bbox 909 971 1034 1061; x_wconf 65' lang='lat' dir='ltr'><strong>ducebas</strong></span> <span class='ocrx_word' id='word_1_43' title='bbox 1064 967 1173 1046; x_wconf 81' lang='grc' dir='ltr'><strong><em>ου’τός.</em></strong></span> <span class='ocrx_word' id='word_1_44' title='bbox 1217 964 1359 1051; x_wconf 77' lang='grc' dir='ltr'><strong><em>θόρυβον</em></strong></span> <span class='ocrx_word' id='word_1_45' title='bbox 1379 971 1463 1049; x_wconf 82' lang='grc' dir='ltr'><strong><em>μὲν5</em></strong></span> 
     </span>
     <span class='ocr_line' id='line_1_7' title="bbox 336 1067 1440 1162; baseline -0.005 -25"><span class='ocrx_word' id='word_1_46' title='bbox 336 1072 399 1158; x_wconf 71' lang='lat' dir='ltr'><strong>yda</strong></span> <span class='ocrx_word' id='word_1_47' title='bbox 422 1071 454 1153; x_wconf 75' lang='grc' dir='ltr'><strong>ἒξ</strong></span> <span class='ocrx_word' id='word_1_48' title='bbox 475 1075 602 1159; x_wconf 73' lang='grc' dir='ltr'><strong><em>εἰρήνης</em></strong></span> <span class='ocrx_word' id='word_1_49' title='bbox 634 1070 747 1162; x_wconf 78' lang='grc' dir='ltr'><strong><em>ῥηίδιον</em></strong></span> <span class='ocrx_word' id='word_1_50' title='bbox 779 1072 832 1137; x_wconf 85' lang='grc' dir='ltr'><strong><em>καί</em></strong></span> <span class='ocrx_word' id='word_1_51' title='bbox 865 1081 931 1148; x_wconf 83' lang='grc' dir='ltr'><strong><em>τοϊς</em></strong></span> <span class='ocrx_word' id='word_1_52' title='bbox 964 1067 1175 1157; x_wconf 64' lang='grc' dir='ltr'><strong><em>φαυλοτάτοις</em></strong></span> <span class='ocrx_word' id='word_1_53' title='bbox 1199 1069 1254 1134; x_wconf 84' lang='grc' dir='ltr'><strong><em>καί</em></strong></span> <span class='ocrx_word' id='word_1_54' title='bbox 1275 1068 1440 1150; x_wconf 75' lang='grc' dir='ltr'><strong><em>βάναυσον</em></strong></span> 
     </span>
     <span class='ocr_line' id='line_1_8' title="bbox 337 1165 1439 1258; baseline -0.006 -18"><span class='ocrx_word' id='word_1_55' title='bbox 337 1165 453 1258; x_wconf 67' lang='grc' dir='ltr'><strong><em>ἄγουσι</em></strong></span> <span class='ocrx_word' id='word_1_56' title='bbox 473 1174 544 1256; x_wconf 88' lang='grc' dir='ltr'><strong><em>βιόν</em></strong></span> <span class='ocrx_word' id='word_1_57' title='bbox 566 1183 678 1251; x_wconf 82' lang='grc' dir='ltr'><strong><em>ποιεῖν,</em></strong></span> <span class='ocrx_word' id='word_1_58' title='bbox 697 1172 731 1239; x_wconf 78' lang='grc' dir='ltr'><strong>ἐκ</strong></span> <span class='ocrx_word' id='word_1_59' title='bbox 755 1177 790 1239; x_wconf 80' lang='grc' dir='ltr'><strong>δὲ</strong></span> <span class='ocrx_word' id='word_1_60' title='bbox 805 1175 956 1258; x_wconf 80' lang='grc' dir='ltr'><strong><em>θορύβων</em></strong></span> <span class='ocrx_word' id='word_1_61' title='bbox 976 1174 1105 1257; x_wconf 78' lang='grc' dir='ltr'><strong><em>εἰρήνην</em></strong></span> <span class='ocrx_word' id='word_1_62' title='bbox 1128 1166 1288 1245; x_wconf 70' lang='lat' dir='ltr'><strong>olearon</strong></span> <span class='ocrx_word' id='word_1_63' title='bbox 1308 1171 1439 1253; x_wconf 83' lang='grc' dir='ltr'><strong><em>σφόδρα</em></strong></span> 
     </span>
     <span class='ocr_line' id='line_1_9' title="bbox 338 1270 1440 1361; baseline -0.006 -19"><span class='ocrx_word' id='word_1_64' title='bbox 338 1284 478 1351; x_wconf 80' lang='grc' dir='ltr'><strong><em>συνεεσῖς</em></strong></span> <span class='ocrx_word' id='word_1_65' title='bbox 509 1276 597 1357; x_wconf 74' lang='grc' dir='ltr'><strong><em>μάλα</em></strong></span> <span class='ocrx_word' id='word_1_66' title='bbox 626 1300 656 1339; x_wconf 92' lang='grc' dir='ltr'><strong>τι</strong></span> <span class='ocrx_word' id='word_1_67' title='bbox 683 1270 809 1340; x_wconf 63' lang='lat' dir='ltr'><strong>esiodus.</strong></span> <span class='ocrx_word' id='word_1_68' title='bbox 866 1273 901 1339; x_wconf 87' lang='grc' dir='ltr'><strong><em>τό</em></strong></span> <span class='ocrx_word' id='word_1_69' title='bbox 933 1277 992 1357; x_wconf 81' lang='grc' dir='ltr'><strong><em>μὲν</em></strong></span> <span class='ocrx_word' id='word_1_70' title='bbox 1024 1276 1084 1356; x_wconf 75' lang='grc' dir='ltr'><strong><em>γὰρ</em></strong></span> <span class='ocrx_word' id='word_1_71' title='bbox 1117 1270 1290 1361; x_wconf 80' lang='grc' dir='ltr'><strong><em>αι’τονσμίρ</em></strong></span> <span class='ocrx_word' id='word_1_72' title='bbox 1311 1272 1440 1358; x_wconf 76' lang='grc' dir='ltr'><strong><em>φύσεως</em></strong></span> 
     </span>
     <span class='ocr_line' id='line_1_10' title="bbox 340 1366 1439 1461; baseline -0.005 -19"><span class='ocrx_word' id='word_1_73' title='bbox 340 1370 501 1460; x_wconf 52' lang='lat' dir='ltr'><strong>drasam?</strong></span> <span class='ocrx_word' id='word_1_74' title='bbox 527 1378 563 1440; x_wconf 77' lang='lat' dir='ltr'><strong>dl</strong></span> <span class='ocrx_word' id='word_1_75' title='bbox 582 1373 680 1461; x_wconf 87' lang='grc' dir='ltr'><strong><em>φόσις</em></strong></span> <span class='ocrx_word' id='word_1_76' title='bbox 703 1366 836 1441; x_wconf 77' lang='grc' dir='ltr'><strong><em>ότακιον</em></strong></span> <span class='ocrx_word' id='word_1_77' title='bbox 856 1379 911 1439; x_wconf 85' lang='grc' dir='ltr'><strong><em>καί</em></strong></span> <span class='ocrx_word' id='word_1_78' title='bbox 931 1374 1099 1455; x_wconf 84' lang='grc' dir='ltr'><strong><em>σίνιόμαλον</em></strong></span> <span class='ocrx_word' id='word_1_79' title='bbox 1120 1372 1322 1459; x_wconf 72' lang='grc' dir='ltr'><strong><em>ὡμολόγηται</em></strong></span> <span class='ocrx_word' id='word_1_80' title='bbox 1347 1366 1439 1437; x_wconf 81' lang='grc' dir='ltr'><strong><em>εἶναι·</em></strong></span> 
     </span>
     <span class='ocr_line' id='line_1_11' title="bbox 338 1475 1481 1566; baseline -0.005 -23"><span class='ocrx_word' id='word_1_81' title='bbox 338 1475 430 1543; x_wconf 77' lang='grc' dir='ltr'><strong><em>τόδὲ</em></strong></span> <span class='ocrx_word' id='word_1_82' title='bbox 468 1478 597 1566; x_wconf 73' lang='grc' dir='ltr'><strong><em>παιδείᾳ</em></strong></span> <span class='ocrx_word' id='word_1_83' title='bbox 626 1479 681 1541; x_wconf 90' lang='grc' dir='ltr'><strong><em>ιιαί</em></strong></span> <span class='ocrx_word' id='word_1_84' title='bbox 700 1481 827 1541; x_wconf 83' lang='grc' dir='ltr'><strong><em>συνέσει</em></strong></span> <span class='ocrx_word' id='word_1_85' title='bbox 849 1479 1082 1563; x_wconf 77' lang='grc' dir='ltr'><strong><em>βεβουλευμένῃ</em></strong></span> <span class='ocrx_word' id='word_1_86' title='bbox 1115 1478 1169 1539; x_wconf 91' lang='grc' dir='ltr'><strong><em>καί</em></strong></span> <span class='ocrx_word' id='word_1_87' title='bbox 1188 1476 1334 1561; x_wconf 80' lang='grc' dir='ltr'><strong><em>σοι’φρσσι</em></strong></span> <span class='ocrx_word' id='word_1_88' title='bbox 1354 1481 1481 1557; x_wconf 82' lang='lat' dir='ltr'><strong>loys-10</strong></span> 
     </span>
     <span class='ocr_line' id='line_1_12' title="bbox 335 1569 1439 1662; baseline -0.005 -17"><span class='ocrx_word' id='word_1_89' title='bbox 335 1589 430 1662; x_wconf 80' lang='grc' dir='ltr'><strong><em>σμοῖς</em></strong></span> <span class='ocrx_word' id='word_1_90' title='bbox 451 1580 633 1657; x_wconf 85' lang='grc' dir='ltr'><strong><em>οιάκίζεται.</em></strong></span> <span class='ocrx_word' id='word_1_91' title='bbox 677 1570 752 1641; x_wconf 82' lang='grc' dir='ltr'><strong><em>ὅθεν</em></strong></span> <span class='ocrx_word' id='word_1_92' title='bbox 773 1578 810 1642; x_wconf 86' lang='grc' dir='ltr'><strong><em>τό</em></strong></span> <span class='ocrx_word' id='word_1_93' title='bbox 832 1583 892 1661; x_wconf 79' lang='grc' dir='ltr'><strong><em>μὲν</em></strong></span> <span class='ocrx_word' id='word_1_94' title='bbox 913 1577 967 1641; x_wconf 86' lang='grc' dir='ltr'><strong><em>καί</em></strong></span> <span class='ocrx_word' id='word_1_95' title='bbox 981 1574 1037 1651; x_wconf 84' lang='grc' dir='ltr'><strong>τός</strong></span> <span class='ocrx_word' id='word_1_96' title='bbox 1057 1576 1115 1641; x_wconf 76' lang='lat' dir='ltr'><strong>oda</strong></span> <span class='ocrx_word' id='word_1_97' title='bbox 1133 1569 1230 1651; x_wconf 76' lang='grc' dir='ltr'><strong><em>οόσας</em></strong></span> <span class='ocrx_word' id='word_1_98' title='bbox 1245 1573 1439 1640; x_wconf 73' lang='grc' dir='ltr'><strong><em>ἀναπλάττει</em></strong></span> 
     </span>
     <span class='ocr_line' id='line_1_13' title="bbox 337 1669 1441 1767; baseline -0.006 -21"><span class='ocrx_word' id='word_1_99' title='bbox 337 1681 529 1767; x_wconf 63' lang='grc' dir='ltr'><strong>ντροφιὶσειςι</strong></span> <span class='ocrx_word' id='word_1_100' title='bbox 550 1680 667 1765; x_wconf 75' lang='grc' dir='ltr'><strong><em>ἐφόδια</em></strong></span> <span class='ocrx_word' id='word_1_101' title='bbox 688 1682 818 1763; x_wconf 86' lang='grc' dir='ltr'><strong><em>πορίζον</em></strong></span> <span class='ocrx_word' id='word_1_102' title='bbox 842 1688 911 1755; x_wconf 81' lang='grc' dir='ltr'><strong><em>ταῖς</em></strong></span> <span class='ocrx_word' id='word_1_103' title='bbox 933 1678 1076 1761; x_wconf 74' lang='grc' dir='ltr'><strong><em>μάχαις·</em></strong></span> <span class='ocrx_word' id='word_1_104' title='bbox 1119 1676 1155 1741; x_wconf 87' lang='grc' dir='ltr'><strong><em>τό</em></strong></span> <span class='ocrx_word' id='word_1_105' title='bbox 1179 1679 1214 1743; x_wconf 76' lang='grc' dir='ltr'><strong>δέ</strong></span> <span class='ocrx_word' id='word_1_106' title='bbox 1235 1674 1290 1739; x_wconf 85' lang='grc' dir='ltr'><strong><em>καί</em></strong></span> <span class='ocrx_word' id='word_1_107' title='bbox 1309 1675 1365 1751; x_wconf 81' lang='grc' dir='ltr'><strong>τὰς</strong></span> <span class='ocrx_word' id='word_1_108' title='bbox 1386 1669 1441 1740; x_wconf 76' lang='grc' dir='ltr'><strong>σό-</strong></span> 
     </span>
     <span class='ocr_line' id='line_1_14' title="bbox 339 1778 1442 1865; baseline -0.006 -16"><span class='ocrx_word' id='word_1_109' title='bbox 339 1808 398 1860; x_wconf 90' lang='grc' dir='ltr'><strong>σας</strong></span> <span class='ocrx_word' id='word_1_110' title='bbox 422 1779 581 1863; x_wconf 74' lang='grc' dir='ltr'><strong><em>ἐκτέμνειν</em></strong></span> <span class='ocrx_word' id='word_1_111' title='bbox 602 1782 761 1865; x_wconf 79' lang='grc' dir='ltr'><strong><em>πειρᾶται,</em></strong></span> <span class='ocrx_word' id='word_1_112' title='bbox 784 1780 931 1864; x_wconf 79' lang='grc' dir='ltr'><strong><em>καθάπερ</em></strong></span> <span class='ocrx_word' id='word_1_113' title='bbox 956 1778 1067 1864; x_wconf 78' lang='grc' dir='ltr'><strong><em>ἰατρός</em></strong></span> <span class='ocrx_word' id='word_1_114' title='bbox 1087 1779 1147 1862; x_wconf 84' lang='grc' dir='ltr'><strong><em>πρὸ</em></strong></span> <span class='ocrx_word' id='word_1_115' title='bbox 1168 1780 1225 1861; x_wconf 80' lang='grc' dir='ltr'><strong>τῆς</strong></span> <span class='ocrx_word' id='word_1_116' title='bbox 1245 1778 1385 1861; x_wconf 80' lang='grc' dir='ltr'><strong><em>βλάστης</em></strong></span> <span class='ocrx_word' id='word_1_117' title='bbox 1408 1780 1442 1843; x_wconf 81' lang='grc' dir='ltr'><strong><em>έν</em></strong></span> 
     </span>
     <span class='ocr_line' id='line_1_15' title="bbox 338 1876 1443 1971; baseline -0.005 -22"><span class='ocrx_word' id='word_1_118' title='bbox 338 1888 379 1971; x_wconf 79' lang='grc' dir='ltr'><strong><em>τῇ</em></strong></span> <span class='ocrx_word' id='word_1_119' title='bbox 409 1882 483 1969; x_wconf 76' lang='grc' dir='ltr'><strong>ῥίζῃ</strong></span> <span class='ocrx_word' id='word_1_120' title='bbox 517 1878 577 1967; x_wconf 86' lang='grc' dir='ltr'><strong>τήν</strong></span> <span class='ocrx_word' id='word_1_121' title='bbox 599 1886 777 1963; x_wconf 75' lang='grc' dir='ltr'><strong><em>θεραπείαν</em></strong></span> <span class='ocrx_word' id='word_1_122' title='bbox 796 1876 1000 1963; x_wconf 75' lang='grc' dir='ltr'><strong><em>τεχνώμενος.</em></strong></span> <span class='ocrx_word' id='word_1_123' title='bbox 1045 1882 1114 1945; x_wconf 83' lang='grc' dir='ltr'><strong><em>ε’πεί</em></strong></span> <span class='ocrx_word' id='word_1_124' title='bbox 1138 1883 1173 1945; x_wconf 82' lang='grc' dir='ltr'><strong>δέ</strong></span> <span class='ocrx_word' id='word_1_125' title='bbox 1195 1882 1251 1943; x_wconf 84' lang='grc' dir='ltr'><strong><em>καί</em></strong></span> <span class='ocrx_word' id='word_1_126' title='bbox 1270 1879 1443 1966; x_wconf 77' lang='grc' dir='ltr'><strong><em>α’φορισμῷ</em></strong></span> 
     </span>
     <span class='ocr_line' id='line_1_16' title="bbox 338 1978 1483 2069; baseline -0.007 -19"><span class='ocrx_word' id='word_1_127' title='bbox 338 1986 505 2065; x_wconf 81' lang='grc' dir='ltr'><strong><em>Παλαμιῐν</em></strong></span> <span class='ocrx_word' id='word_1_128' title='bbox 519 1980 600 2063; x_wconf 77' lang='grc' dir='ltr'><strong><em>μετὰ</em></strong></span> <span class='ocrx_word' id='word_1_129' title='bbox 619 1986 674 2065; x_wconf 87' lang='grc' dir='ltr'><strong>τής</strong></span> <span class='ocrx_word' id='word_1_130' title='bbox 696 1981 797 2045; x_wconf 70' lang='grc' dir='ltr'><strong><em>αὐτοῦ</em></strong></span> <span class='ocrx_word' id='word_1_131' title='bbox 817 1984 978 2066; x_wconf 83' lang='grc' dir='ltr'><strong><em>φρατρίας</em></strong></span> <span class='ocrx_word' id='word_1_132' title='bbox 994 1978 1118 2065; x_wconf 71' lang='grc' dir='ltr'><strong><em>ὁπόσης</em></strong></span> <span class='ocrx_word' id='word_1_133' title='bbox 1136 1978 1191 2045; x_wconf 87' lang='grc' dir='ltr'><strong><em>καί</em></strong></span> <span class='ocrx_word' id='word_1_134' title='bbox 1199 1982 1353 2069; x_wconf 73' lang='grc' dir='ltr'><strong><em>χαρισμηῖ</em></strong></span> <span class='ocrx_word' id='word_1_135' title='bbox 1364 1982 1444 2043; x_wconf 81' lang='grc' dir='ltr'><strong><em>θεοῦ</em></strong></span> <span class='ocrx_word' id='word_1_136' title='bbox 1453 1999 1483 2053; x_wconf 83' lang='lat'><strong>15</strong></span> 
     </span>
     <span class='ocr_line' id='line_1_17' title="bbox 337 2075 1443 2168; baseline -0.005 -20"><span class='ocrx_word' id='word_1_137' title='bbox 337 2087 643 2168; x_wconf 82' lang='grc' dir='ltr'><strong><em>καθυποβεβλῆσθαι</em></strong></span> <span class='ocrx_word' id='word_1_138' title='bbox 661 2086 841 2165; x_wconf 83' lang='grc' dir='ltr'><strong><em>συμβέβηκε</em></strong></span> <span class='ocrx_word' id='word_1_139' title='bbox 858 2085 947 2147; x_wconf 80' lang='grc' dir='ltr'><strong><em>δυοῖν</em></strong></span> <span class='ocrx_word' id='word_1_140' title='bbox 966 2086 1173 2166; x_wconf 76' lang='grc' dir='ltr'><strong><em>πατριαρχαῖν</em></strong></span> <span class='ocrx_word' id='word_1_141' title='bbox 1193 2081 1246 2147; x_wconf 89' lang='grc' dir='ltr'><strong><em>καί</em></strong></span> <span class='ocrx_word' id='word_1_142' title='bbox 1261 2075 1342 2147; x_wconf 70' lang='grc' dir='ltr'><strong><em>ὅλοιν</em></strong></span> <span class='ocrx_word' id='word_1_143' title='bbox 1363 2080 1443 2144; x_wconf 81' lang='grc' dir='ltr'><strong><em>ὁπό-</em></strong></span> 
     </span>
     <span class='ocr_line' id='line_1_18' title="bbox 336 2180 1440 2270; baseline -0.004 -19"><span class='ocrx_word' id='word_1_144' title='bbox 336 2208 389 2251; x_wconf 85' lang='grc' dir='ltr'><strong>σοι</strong></span> <span class='ocrx_word' id='word_1_145' title='bbox 401 2188 574 2270; x_wconf 81' lang='grc' dir='ltr'><strong><em>τηνικαῦτα</em></strong></span> <span class='ocrx_word' id='word_1_146' title='bbox 590 2188 738 2267; x_wconf 85' lang='grc' dir='ltr'><strong><em>παρήσαν</em></strong></span> <span class='ocrx_word' id='word_1_147' title='bbox 753 2188 816 2249; x_wconf 75' lang='grc' dir='ltr'><strong>τῶν</strong></span> <span class='ocrx_word' id='word_1_148' title='bbox 831 2186 1018 2267; x_wconf 78' lang='grc' dir='ltr'><strong><em>ἐπισκόπων,</em></strong></span> <span class='ocrx_word' id='word_1_149' title='bbox 1044 2182 1092 2248; x_wconf 78' lang='grc' dir='ltr'><strong>ἔτι</strong></span> <span class='ocrx_word' id='word_1_150' title='bbox 1113 2187 1231 2264; x_wconf 73' lang='grc' dir='ltr'><strong><em>μᾶλλον</em></strong></span> <span class='ocrx_word' id='word_1_151' title='bbox 1254 2184 1382 2269; x_wconf 76' lang='grc' dir='ltr'><strong><em>ε’μοιυτρῖ</em></strong></span> <span class='ocrx_word' id='word_1_152' title='bbox 1403 2180 1440 2248; x_wconf 81' lang='grc' dir='ltr'><strong><em>τό</em></strong></span> 
     </span>
     <span class='ocr_line' id='line_1_19' title="bbox 338 2280 1442 2373; baseline -0.003 -22"><span class='ocrx_word' id='word_1_153' title='bbox 338 2289 392 2370; x_wconf 77' lang='grc' dir='ltr'><strong>τῆς</strong></span> <span class='ocrx_word' id='word_1_154' title='bbox 415 2287 552 2371; x_wconf 84' lang='grc' dir='ltr'><strong><em>ήσυχίας</em></strong></span> <span class='ocrx_word' id='word_1_155' title='bbox 567 2285 729 2371; x_wconf 77' lang='grc' dir='ltr'><strong><em>παρῄνουν</em></strong></span> <span class='ocrx_word' id='word_1_156' title='bbox 744 2285 799 2349; x_wconf 88' lang='grc' dir='ltr'><strong><em>καί</em></strong></span> <span class='ocrx_word' id='word_1_157' title='bbox 818 2281 1003 2368; x_wconf 74' lang='grc' dir='ltr'><strong><em>ἐπεκύρουν,</em></strong></span> <span class='ocrx_word' id='word_1_158' title='bbox 1023 2284 1141 2369; x_wconf 73' lang='grc' dir='ltr'><strong><em>ταύτης</em></strong></span> <span class='ocrx_word' id='word_1_159' title='bbox 1153 2285 1252 2367; x_wconf 88' lang='grc' dir='ltr'><strong><em>μόνης</em></strong></span> <span class='ocrx_word' id='word_1_160' title='bbox 1266 2280 1301 2348; x_wconf 89' lang='grc' dir='ltr'><strong><em>τό</em></strong></span> <span class='ocrx_word' id='word_1_161' title='bbox 1327 2282 1442 2373; x_wconf 71' lang='grc' dir='ltr'><strong><em>ῥᾷστον</em></strong></span> 
     </span>
     <span class='ocr_line' id='line_1_20' title="bbox 339 2379 1439 2472; baseline -0.003 -19"><span class='ocrx_word' id='word_1_162' title='bbox 339 2387 474 2471; x_wconf 79' lang='grc' dir='ltr'><strong><em>έχσόσης</em></strong></span> <span class='ocrx_word' id='word_1_163' title='bbox 495 2394 550 2452; x_wconf 91' lang='grc' dir='ltr'><strong><em>καί</em></strong></span> <span class='ocrx_word' id='word_1_164' title='bbox 569 2379 699 2469; x_wconf 72' lang='grc' dir='ltr'><strong><em>εὔλογον</em></strong></span> <span class='ocrx_word' id='word_1_165' title='bbox 711 2389 766 2470; x_wconf 80' lang='grc' dir='ltr'><strong>τῆς</strong></span> <span class='ocrx_word' id='word_1_166' title='bbox 786 2390 848 2451; x_wconf 81' lang='grc' dir='ltr'><strong>τῶν</strong></span> <span class='ocrx_word' id='word_1_167' title='bbox 863 2383 1008 2471; x_wconf 82' lang='grc' dir='ltr'><strong><em>βεβήλων</em></strong></span> <span class='ocrx_word' id='word_1_168' title='bbox 1024 2392 1185 2472; x_wconf 75' lang='grc' dir='ltr'><strong><em>φρατρίας</em></strong></span> <span class='ocrx_word' id='word_1_169' title='bbox 1206 2385 1260 2449; x_wconf 85' lang='grc' dir='ltr'><strong><em>καί</em></strong></span> <span class='ocrx_word' id='word_1_170' title='bbox 1275 2390 1439 2461; x_wconf 81' lang='grc' dir='ltr'><strong><em>κοινωνίας</em></strong></span> 
     </span>
     <span class='ocr_line' id='line_1_21' title="bbox 302 2482 1485 2575; baseline -0.003 -19"><span class='ocrx_word' id='word_1_171' title='bbox 302 2490 484 2564; x_wconf 62' lang='lat' dir='ltr'><strong>nauseante</strong></span> <span class='ocrx_word' id='word_1_172' title='bbox 511 2490 662 2574; x_wconf 84' lang='grc' dir='ltr'><strong><em>α’φιστυῖν.</em></strong></span> <span class='ocrx_word' id='word_1_173' title='bbox 715 2482 777 2574; x_wconf 81' lang='grc' dir='ltr'><strong>ήδη</strong></span> <span class='ocrx_word' id='word_1_174' title='bbox 807 2492 842 2555; x_wconf 79' lang='grc' dir='ltr'><strong>δὲ</strong></span> <span class='ocrx_word' id='word_1_175' title='bbox 874 2488 928 2554; x_wconf 88' lang='grc' dir='ltr'><strong><em>καί</em></strong></span> <span class='ocrx_word' id='word_1_176' title='bbox 949 2487 1088 2573; x_wconf 77' lang='grc' dir='ltr'><strong><em>διωγμόν</em></strong></span> <span class='ocrx_word' id='word_1_177' title='bbox 1111 2490 1314 2575; x_wconf 88' lang='grc' dir='ltr'><strong><em>α’νερρίπισεν</em></strong></span> <span class='ocrx_word' id='word_1_178' title='bbox 1344 2486 1361 2549; x_wconf 80' lang='lat' dir='ltr'><strong>d</strong></span> <span class='ocrx_word' id='word_1_179' title='bbox 1385 2492 1439 2571; x_wconf 83' lang='grc' dir='ltr'><strong>τῆς</strong></span> <span class='ocrx_word' id='word_1_180' title='bbox 1451 2509 1485 2566; x_wconf 79' lang='lat'><strong>2⁰</strong></span> 
     </span>
     <span class='ocr_line' id='line_1_22' title="bbox 338 2589 1440 2679; baseline 0 -25"><span class='ocrx_word' id='word_1_181' title='bbox 338 2592 505 2675; x_wconf 74' lang='grc' dir='ltr'><strong><em>ἐκκλησίας</em></strong></span> <span class='ocrx_word' id='word_1_182' title='bbox 531 2589 670 2672; x_wconf 84' lang='grc' dir='ltr'><strong><em>χειμοόν,</em></strong></span> <span class='ocrx_word' id='word_1_183' title='bbox 688 2595 745 2655; x_wconf 88' lang='grc' dir='ltr'><strong><em>καί</em></strong></span> <span class='ocrx_word' id='word_1_184' title='bbox 762 2593 911 2674; x_wconf 72' lang='grc' dir='ltr'><strong><em>διωγμῶν</em></strong></span> <span class='ocrx_word' id='word_1_185' title='bbox 941 2589 996 2656; x_wconf 86' lang='grc' dir='ltr'><strong>τόν</strong></span> <span class='ocrx_word' id='word_1_186' title='bbox 1027 2595 1282 2679; x_wconf 78' lang='grc' dir='ltr'><strong><em>φρικωδέστατον</em></strong></span> <span class='ocrx_word' id='word_1_187' title='bbox 1301 2593 1365 2662; x_wconf 67' lang='grc' dir='ltr'><strong><em>καί,</em></strong></span> <span class='ocrx_word' id='word_1_188' title='bbox 1377 2593 1440 2671; x_wconf 90' lang='grc' dir='ltr'><strong><em>βα-</em></strong></span> 
     </span>
    </p>
   </div>
   <div class='ocr_carea' id='block_1_4' title="bbox 261 2893 1513 4407">
    <p class='ocr_par' dir='ltr' id='par_1_4' title="bbox 261 2893 1513 4407">
     <span class='ocr_line' id='line_1_23' title="bbox 340 2893 1441 2963; baseline -0.003 -15"><span class='ocrx_word' id='word_1_189' title='bbox 340 2909 450 2948; x_wconf 71' lang='lat' dir='ltr'><strong>wem:</strong></span> <span class='ocrx_word' id='word_1_190' title='bbox 469 2893 516 2962; x_wconf 89' lang='lat' dir='ltr'><strong>qni</strong></span> <span class='ocrx_word' id='word_1_191' title='bbox 531 2900 625 2950; x_wconf 80' lang='lat' dir='ltr'><strong>aulem</strong></span> <span class='ocrx_word' id='word_1_192' title='bbox 644 2907 805 2963; x_wconf 75' lang='lat' dir='ltr'><strong>quocunqne</strong></span> <span class='ocrx_word' id='word_1_193' title='bbox 825 2893 904 2946; x_wconf 89' lang='lat' dir='ltr'><strong>modo</strong></span> <span class='ocrx_word' id='word_1_194' title='bbox 922 2895 1005 2962; x_wconf 85' lang='lat' dir='ltr'><strong>partis</strong></span> <span class='ocrx_word' id='word_1_195' title='bbox 1023 2893 1144 2948; x_wconf 84' lang='lat' dir='ltr'><strong>melioris</strong></span> <span class='ocrx_word' id='word_1_196' title='bbox 1162 2895 1297 2949; x_wconf 88' lang='lat' dir='ltr'><strong>studiosus</strong></span> <span class='ocrx_word' id='word_1_197' title='bbox 1314 2893 1360 2959; x_wconf 88' lang='lat' dir='ltr'><strong>sit,</strong></span> <span class='ocrx_word' id='word_1_198' title='bbox 1381 2909 1441 2946; x_wconf 87' lang='lat' dir='ltr'><strong>enm</strong></span> 
     </span>
     <span class='ocr_line' id='line_1_24' title="bbox 341 2966 1442 3037; baseline -0.002 -19"><span class='ocrx_word' id='word_1_199' title='bbox 341 2967 448 3036; x_wconf 89' lang='lat' dir='ltr'><strong>perpeti</strong></span> <span class='ocrx_word' id='word_1_200' title='bbox 465 2981 509 3019; x_wconf 91' lang='lat' dir='ltr'><strong>res</strong></span> <span class='ocrx_word' id='word_1_201' title='bbox 526 2967 700 3019; x_wconf 88' lang='lat' dir='ltr'><strong>miseratione</strong></span> <span class='ocrx_word' id='word_1_202' title='bbox 719 2966 813 3034; x_wconf 79' lang='lat' dir='ltr'><strong>dignae</strong></span> <span class='ocrx_word' id='word_1_203' title='bbox 834 2975 860 3018; x_wconf 89' lang='lat' dir='ltr'><strong>et</strong></span> <span class='ocrx_word' id='word_1_204' title='bbox 886 2967 994 3019; x_wconf 82' lang='lat' dir='ltr'><strong>anferre</strong></span> <span class='ocrx_word' id='word_1_205' title='bbox 1013 2981 1091 3018; x_wconf 88' lang='lat' dir='ltr'><strong>casus</strong></span> <span class='ocrx_word' id='word_1_206' title='bbox 1109 2967 1235 3037; x_wconf 83' lang='lat' dir='ltr'><strong>tragicos.</strong></span> <span class='ocrx_word' id='word_1_207' title='bbox 1281 2967 1442 3034; x_wconf 90' lang='lat' dir='ltr'><strong>optimorum</strong></span> 
     </span>
     <span class='ocr_line' id='line_1_25' title="bbox 343 3037 1442 3106; baseline -0.005 -16"><span class='ocrx_word' id='word_1_208' title='bbox 343 3054 403 3090; x_wconf 87' lang='lat' dir='ltr'><strong>esse</strong></span> <span class='ocrx_word' id='word_1_209' title='bbox 433 3037 498 3088; x_wconf 92' lang='lat' dir='ltr'><strong>mibi</strong></span> <span class='ocrx_word' id='word_1_210' title='bbox 519 3039 604 3090; x_wconf 86' lang='lat' dir='ltr'><strong>visum</strong></span> <span class='ocrx_word' id='word_1_211' title='bbox 625 3047 683 3104; x_wconf 86' lang='lat' dir='ltr'><strong>est,</strong></span> <span class='ocrx_word' id='word_1_212' title='bbox 711 3038 882 3105; x_wconf 90' lang='lat' dir='ltr'><strong>tranquillam</strong></span> <span class='ocrx_word' id='word_1_213' title='bbox 907 3039 1044 3106; x_wconf 82' lang='lat' dir='ltr'><strong>praeferre</strong></span> <span class='ocrx_word' id='word_1_214' title='bbox 1062 3040 1162 3103; x_wconf 87' lang='lat' dir='ltr'><strong>vitam,</strong></span> <span class='ocrx_word' id='word_1_215' title='bbox 1180 3039 1285 3090; x_wconf 88' lang='lat' dir='ltr'><strong>theatro</strong></span> <span class='ocrx_word' id='word_1_216' title='bbox 1307 3037 1442 3090; x_wconf 88' lang='lat' dir='ltr'><strong>ecclesia.</strong></span> 
     </span>
     <span class='ocr_line' id='line_1_26' title="bbox 340 3109 1442 3178; baseline -0.004 -15"><span class='ocrx_word' id='word_1_217' title='bbox 340 3112 410 3164; x_wconf 86' lang='lat' dir='ltr'><strong>atico</strong></span> <span class='ocrx_word' id='word_1_218' title='bbox 429 3109 560 3161; x_wconf 51' lang='lat' dir='ltr'><strong>relictum</strong></span> <span class='ocrx_word' id='word_1_219' title='bbox 580 3126 637 3162; x_wconf 89' lang='lat' dir='ltr'><strong>cum</strong></span> <span class='ocrx_word' id='word_1_220' title='bbox 663 3111 732 3162; x_wconf 88' lang='lat' dir='ltr'><strong>enim</strong></span> <span class='ocrx_word' id='word_1_221' title='bbox 756 3111 802 3178; x_wconf 91' lang='lat' dir='ltr'><strong>qui</strong></span> <span class='ocrx_word' id='word_1_222' title='bbox 820 3111 937 3163; x_wconf 88' lang='lat' dir='ltr'><strong>irritaret</strong></span> <span class='ocrx_word' id='word_1_223' title='bbox 963 3117 990 3161; x_wconf 91' lang='lat' dir='ltr'><strong>et</strong></span> <span class='ocrx_word' id='word_1_224' title='bbox 1015 3126 1130 3178; x_wconf 85' lang='lat' dir='ltr'><strong>pugnam</strong></span> <span class='ocrx_word' id='word_1_225' title='bbox 1156 3111 1304 3177; x_wconf 89' lang='lat' dir='ltr'><strong>oppositam</strong></span> <span class='ocrx_word' id='word_1_226' title='bbox 1332 3109 1383 3162; x_wconf 90' lang='lat' dir='ltr'><strong>hac</strong></span> <span class='ocrx_word' id='word_1_227' title='bbox 1411 3124 1442 3160; x_wconf 90' lang='lat' dir='ltr'><strong>re</strong></span> 
     </span>
     <span class='ocr_line' id='line_1_27' title="bbox 261 3181 1441 3250; baseline -0.002 -16"><span class='ocrx_word' id='word_1_228' title='bbox 261 3212 265 3216; x_wconf 84' lang='lat'><em>·</em></span> <span class='ocrx_word' id='word_1_229' title='bbox 341 3183 488 3246; x_wconf 83' lang='lat' dir='ltr'><strong>excitaret,</strong></span> <span class='ocrx_word' id='word_1_230' title='bbox 521 3189 584 3233; x_wconf 86' lang='lat' dir='ltr'><strong>ante</strong></span> <span class='ocrx_word' id='word_1_231' title='bbox 609 3183 705 3234; x_wconf 91' lang='lat' dir='ltr'><strong>oculos</strong></span> <span class='ocrx_word' id='word_1_232' title='bbox 723 3189 829 3234; x_wconf 89' lang='lat' dir='ltr'><strong>nostros</strong></span> <span class='ocrx_word' id='word_1_233' title='bbox 854 3199 909 3234; x_wconf 90' lang='lat' dir='ltr'><strong>non</strong></span> <span class='ocrx_word' id='word_1_234' title='bbox 928 3189 1097 3247; x_wconf 87' lang='lat' dir='ltr'><strong>versaretur,</strong></span> <span class='ocrx_word' id='word_1_235' title='bbox 1123 3183 1222 3250; x_wconf 84' lang='lat' dir='ltr'><strong>quippe</strong></span> <span class='ocrx_word' id='word_1_236' title='bbox 1249 3183 1294 3249; x_wconf 88' lang='lat' dir='ltr'><strong>qni</strong></span> <span class='ocrx_word' id='word_1_237' title='bbox 1321 3181 1441 3233; x_wconf 84' lang='lat' dir='ltr'><strong>tenebris</strong></span> 
     </span>
     <span class='ocr_line' id='line_1_28' title="bbox 340 3253 1443 3321; baseline -0.004 -15"><span class='ocrx_word' id='word_1_238' title='bbox 340 3253 457 3306; x_wconf 85' lang='lat' dir='ltr'><strong>involuti</strong></span> <span class='ocrx_word' id='word_1_239' title='bbox 477 3268 612 3319; x_wconf 85' lang='lat' dir='ltr'><strong>essemus,</strong></span> <span class='ocrx_word' id='word_1_240' title='bbox 631 3254 755 3321; x_wconf 91' lang='lat' dir='ltr'><strong>putabam</strong></span> <span class='ocrx_word' id='word_1_241' title='bbox 780 3253 840 3306; x_wconf 87' lang='lat' dir='ltr'><strong>lore</strong></span> <span class='ocrx_word' id='word_1_242' title='bbox 859 3263 888 3306; x_wconf 90' lang='lat' dir='ltr'><strong>ut</strong></span> <span class='ocrx_word' id='word_1_243' title='bbox 907 3269 967 3320; x_wconf 90' lang='lat' dir='ltr'><strong>pars</strong></span> <span class='ocrx_word' id='word_1_244' title='bbox 995 3254 1127 3305; x_wconf 88' lang='lat' dir='ltr'><strong>adtributa</strong></span> <span class='ocrx_word' id='word_1_245' title='bbox 1153 3253 1311 3304; x_wconf 76' lang='lat' dir='ltr'><strong>calamitatis</strong></span> <span class='ocrx_word' id='word_1_246' title='bbox 1332 3261 1443 3304; x_wconf 85' lang='lat' dir='ltr'><strong>nostrae</strong></span> 
     </span>
     <span class='ocr_line' id='line_1_29' title="bbox 341 3323 1444 3392; baseline -0.003 -15"><span class='ocrx_word' id='word_1_247' title='bbox 341 3326 488 3377; x_wconf 73' lang='lat' dir='ltr'><strong>desineret.</strong></span> <span class='ocrx_word' id='word_1_248' title='bbox 527 3327 697 3391; x_wconf 85' lang='lat' dir='ltr'><strong>quamobrem</strong></span> <span class='ocrx_word' id='word_1_249' title='bbox 717 3327 780 3392; x_wconf 91' lang='lat' dir='ltr'><strong>quia</strong></span> <span class='ocrx_word' id='word_1_250' title='bbox 798 3327 905 3376; x_wconf 86' lang='lat' dir='ltr'><strong>minime</strong></span> <span class='ocrx_word' id='word_1_251' title='bbox 925 3326 1031 3390; x_wconf 89' lang='lat' dir='ltr'><strong>accidit,</strong></span> <span class='ocrx_word' id='word_1_252' title='bbox 1051 3333 1080 3376; x_wconf 92' lang='lat' dir='ltr'><strong>nt</strong></span> <span class='ocrx_word' id='word_1_253' title='bbox 1099 3324 1163 3375; x_wconf 90' lang='lat' dir='ltr'><strong>mibi</strong></span> <span class='ocrx_word' id='word_1_254' title='bbox 1182 3325 1227 3392; x_wconf 92' lang='lat' dir='ltr'><strong>qui</strong></span> <span class='ocrx_word' id='word_1_255' title='bbox 1247 3323 1307 3377; x_wconf 88' lang='lat' dir='ltr'><strong>aliie</strong></span> <span class='ocrx_word' id='word_1_256' title='bbox 1327 3323 1444 3376; x_wconf 89' lang='lat' dir='ltr'><strong>consilia</strong></span> 
     </span>
     <span class='ocr_line' id='line_1_30' title="bbox 340 3397 1444 3464; baseline -0.003 -15"><span class='ocrx_word' id='word_1_257' title='bbox 340 3398 431 3449; x_wconf 83' lang='lat' dir='ltr'><strong>darona</strong></span> <span class='ocrx_word' id='word_1_258' title='bbox 451 3397 524 3448; x_wconf 90' lang='lat' dir='ltr'><strong>dicto</strong></span> <span class='ocrx_word' id='word_1_259' title='bbox 542 3397 681 3448; x_wconf 71' lang='lat' dir='ltr'><strong>audientes</strong></span> <span class='ocrx_word' id='word_1_260' title='bbox 702 3404 811 3460; x_wconf 88' lang='lat' dir='ltr'><strong>essent,</strong></span> <span class='ocrx_word' id='word_1_261' title='bbox 831 3398 889 3464; x_wconf 89' lang='lat' dir='ltr'><strong>ipse</strong></span> <span class='ocrx_word' id='word_1_262' title='bbox 909 3398 999 3448; x_wconf 84' lang='lat' dir='ltr'><strong>officia</strong></span> <span class='ocrx_word' id='word_1_263' title='bbox 1023 3413 1082 3448; x_wconf 91' lang='lat' dir='ltr'><strong>mea</strong></span> <span class='ocrx_word' id='word_1_264' title='bbox 1102 3397 1279 3464; x_wconf 79' lang='lat' dir='ltr'><strong>praestabam.</strong></span> <span class='ocrx_word' id='word_1_265' title='bbox 1317 3411 1378 3448; x_wconf 90' lang='lat' dir='ltr'><strong>nam</strong></span> <span class='ocrx_word' id='word_1_266' title='bbox 1396 3403 1444 3446; x_wconf 92' lang='lat' dir='ltr'><strong>tu·</strong></span> 
     </span>
     <span class='ocr_line' id='line_1_31' title="bbox 340 3464 1448 3537; baseline -0.003 -17"><span class='ocrx_word' id='word_1_267' title='bbox 340 3467 450 3520; x_wconf 88' lang='lat' dir='ltr'><strong>multum</strong></span> <span class='ocrx_word' id='word_1_268' title='bbox 470 3484 485 3518; x_wconf 89' lang='lat' dir='ltr'><strong>e</strong></span> <span class='ocrx_word' id='word_1_269' title='bbox 503 3483 570 3534; x_wconf 88' lang='lat' dir='ltr'><strong>pace</strong></span> <span class='ocrx_word' id='word_1_270' title='bbox 589 3468 680 3519; x_wconf 88' lang='lat' dir='ltr'><strong>lacere</strong></span> <span class='ocrx_word' id='word_1_271' title='bbox 699 3469 778 3519; x_wconf 88' lang='lat' dir='ltr'><strong>etiam</strong></span> <span class='ocrx_word' id='word_1_272' title='bbox 799 3464 949 3522; x_wconf 88' lang='lat' dir='ltr'><strong>hominibus</strong></span> <span class='ocrx_word' id='word_1_273' title='bbox 969 3470 1092 3534; x_wconf 81' lang='lat' dir='ltr'><strong>pessimis</strong></span> <span class='ocrx_word' id='word_1_274' title='bbox 1110 3469 1265 3537; x_wconf 90' lang='lat' dir='ltr'><strong>vilibusque</strong></span> <span class='ocrx_word' id='word_1_275' title='bbox 1286 3468 1368 3520; x_wconf 83' lang='lat' dir='ltr'><strong>facile</strong></span> <span class='ocrx_word' id='word_1_276' title='bbox 1391 3475 1448 3530; x_wconf 88' lang='lat' dir='ltr'><strong>est;</strong></span> 
     </span>
     <span class='ocr_line' id='line_1_32' title="bbox 342 3539 1447 3608; baseline -0.002 -18"><span class='ocrx_word' id='word_1_277' title='bbox 342 3556 357 3590; x_wconf 89' lang='lat' dir='ltr'><strong>e</strong></span> <span class='ocrx_word' id='word_1_278' title='bbox 374 3539 491 3590; x_wconf 87' lang='lat' dir='ltr'><strong>tumultu</strong></span> <span class='ocrx_word' id='word_1_279' title='bbox 517 3547 605 3590; x_wconf 90' lang='lat' dir='ltr'><strong>antem</strong></span> <span class='ocrx_word' id='word_1_280' title='bbox 624 3555 716 3606; x_wconf 88' lang='lat' dir='ltr'><strong>pacem</strong></span> <span class='ocrx_word' id='word_1_281' title='bbox 746 3539 908 3606; x_wconf 89' lang='lat' dir='ltr'><strong>conciliare,</strong></span> <span class='ocrx_word' id='word_1_282' title='bbox 926 3556 961 3591; x_wconf 91' lang='lat' dir='ltr'><strong>ne</strong></span> <span class='ocrx_word' id='word_1_283' title='bbox 980 3541 1118 3592; x_wconf 80' lang='lat' dir='ltr'><strong>admodum</strong></span> <span class='ocrx_word' id='word_1_284' title='bbox 1142 3539 1316 3608; x_wconf 84' lang='lat' dir='ltr'><strong>prudentibus</strong></span> <span class='ocrx_word' id='word_1_285' title='bbox 1337 3539 1447 3607; x_wconf 88' lang='lat' dir='ltr'><strong>quidem</strong></span> 
     </span>
     <span class='ocr_line' id='line_1_33' title="bbox 338 3611 1447 3681; baseline -0.001 -19"><span class='ocrx_word' id='word_1_286' title='bbox 338 3611 464 3678; x_wconf 84' lang='lat' dir='ltr'><strong>prolecto</strong></span> <span class='ocrx_word' id='word_1_287' title='bbox 484 3619 526 3662; x_wconf 88' lang='lat' dir='ltr'><strong>est</strong></span> <span class='ocrx_word' id='word_1_288' title='bbox 543 3621 683 3678; x_wconf 84' lang='lat' dir='ltr'><strong>promtum.</strong></span> <span class='ocrx_word' id='word_1_289' title='bbox 722 3611 834 3674; x_wconf 85' lang='lat' dir='ltr'><strong>alterum</strong></span> <span class='ocrx_word' id='word_1_290' title='bbox 852 3615 921 3664; x_wconf 91' lang='lat' dir='ltr'><strong>enim</strong></span> <span class='ocrx_word' id='word_1_291' title='bbox 940 3612 1050 3664; x_wconf 88' lang='lat' dir='ltr'><strong>arbitrio</strong></span> <span class='ocrx_word' id='word_1_292' title='bbox 1068 3620 1179 3664; x_wconf 91' lang='lat' dir='ltr'><strong>naturae</strong></span> <span class='ocrx_word' id='word_1_293' title='bbox 1199 3613 1303 3681; x_wconf 85' lang='lat' dir='ltr'><strong>agitur:</strong></span> <span class='ocrx_word' id='word_1_294' title='bbox 1322 3618 1447 3663; x_wconf 88' lang='lat' dir='ltr'><strong>naturam</strong></span> 
     </span>
     <span class='ocr_line' id='line_1_34' title="bbox 342 3682 1448 3736; baseline -0.002 -2"><span class='ocrx_word' id='word_1_295' title='bbox 342 3690 430 3734; x_wconf 88' lang='lat' dir='ltr'><strong>antem</strong></span> <span class='ocrx_word' id='word_1_296' title='bbox 461 3682 590 3734; x_wconf 90' lang='lat' dir='ltr'><strong>turbidam</strong></span> <span class='ocrx_word' id='word_1_297' title='bbox 622 3692 649 3736; x_wconf 90' lang='lat' dir='ltr'><strong>et</strong></span> <span class='ocrx_word' id='word_1_298' title='bbox 678 3682 833 3734; x_wconf 80' lang='lat' dir='ltr'><strong>mutabilem</strong></span> <span class='ocrx_word' id='word_1_299' title='bbox 858 3701 918 3736; x_wconf 82' lang='lat' dir='ltr'><strong>csse</strong></span> <span class='ocrx_word' id='word_1_300' title='bbox 947 3691 1067 3735; x_wconf 87' lang='lat' dir='ltr'><strong>constat:</strong></span> <span class='ocrx_word' id='word_1_301' title='bbox 1092 3684 1205 3736; x_wconf 85' lang='lat' dir='ltr'><strong>alterum</strong></span> <span class='ocrx_word' id='word_1_302' title='bbox 1233 3684 1396 3735; x_wconf 86' lang='lat' dir='ltr'><strong>humanitate</strong></span> <span class='ocrx_word' id='word_1_303' title='bbox 1420 3689 1448 3732; x_wconf 91' lang='lat' dir='ltr'><strong>et</strong></span> 
     </span>
     <span class='ocr_line' id='line_1_35' title="bbox 343 3753 1448 3824; baseline -0.002 -19"><span class='ocrx_word' id='word_1_304' title='bbox 343 3754 459 3805; x_wconf 88' lang='lat' dir='ltr'><strong>consilio</strong></span> <span class='ocrx_word' id='word_1_305' title='bbox 478 3755 593 3820; x_wconf 89' lang='lat' dir='ltr'><strong>sapienti</strong></span> <span class='ocrx_word' id='word_1_306' title='bbox 614 3764 642 3808; x_wconf 90' lang='lat' dir='ltr'><strong>et</strong></span> <span class='ocrx_word' id='word_1_307' title='bbox 668 3757 752 3807; x_wconf 89' lang='lat' dir='ltr'><strong>cantis</strong></span> <span class='ocrx_word' id='word_1_308' title='bbox 776 3755 1015 3808; x_wconf 83' lang='lat' dir='ltr'><strong>deliberationibus</strong></span> <span class='ocrx_word' id='word_1_309' title='bbox 1042 3756 1253 3809; x_wconf 81' lang='lat' dir='ltr'><strong>administratur:</strong></span> <span class='ocrx_word' id='word_1_310' title='bbox 1273 3753 1448 3824; x_wconf 89' lang='lat' dir='ltr'><strong>quamobrem</strong></span> 
     </span>
     <span class='ocr_line' id='line_1_36' title="bbox 341 3823 1446 3896; baseline -0.002 -20"><span class='ocrx_word' id='word_1_311' title='bbox 341 3823 409 3876; x_wconf 92' lang='lat' dir='ltr'><strong>illud</strong></span> <span class='ocrx_word' id='word_1_312' title='bbox 429 3827 507 3876; x_wconf 89' lang='lat' dir='ltr'><strong>etiam</strong></span> <span class='ocrx_word' id='word_1_313' title='bbox 526 3827 602 3878; x_wconf 84' lang='lat' dir='ltr'><strong>fictas</strong></span> <span class='ocrx_word' id='word_1_314' title='bbox 631 3829 768 3896; x_wconf 83' lang='lat' dir='ltr'><strong>excogitat</strong></span> <span class='ocrx_word' id='word_1_315' title='bbox 799 3844 907 3892; x_wconf 88' lang='lat' dir='ltr'><strong>causas,</strong></span> <span class='ocrx_word' id='word_1_316' title='bbox 939 3827 1070 3895; x_wconf 85' lang='lat' dir='ltr'><strong>praebens</strong></span> <span class='ocrx_word' id='word_1_317' title='bbox 1097 3827 1214 3880; x_wconf 86' lang='lat' dir='ltr'><strong>subsidia</strong></span> <span class='ocrx_word' id='word_1_318' title='bbox 1242 3826 1370 3894; x_wconf 78' lang='lat' dir='ltr'><strong>proeliis:</strong></span> <span class='ocrx_word' id='word_1_319' title='bbox 1392 3825 1446 3892; x_wconf 85' lang='lat' dir='ltr'><strong>boc</strong></span> 
     </span>
     <span class='ocr_line' id='line_1_37' title="bbox 345 3889 1513 3964; baseline -0.001 -17"><span class='ocrx_word' id='word_1_320' title='bbox 345 3911 421 3947; x_wconf 86' lang='lat' dir='ltr'><strong>verae</strong></span> <span class='ocrx_word' id='word_1_321' title='bbox 441 3911 548 3964; x_wconf 80' lang='lat' dir='ltr'><strong>qnoque</strong></span> <span class='ocrx_word' id='word_1_322' title='bbox 568 3899 669 3951; x_wconf 89' lang='lat' dir='ltr'><strong>tollere</strong></span> <span class='ocrx_word' id='word_1_323' title='bbox 688 3907 818 3964; x_wconf 89' lang='lat' dir='ltr'><strong>conatur,</strong></span> <span class='ocrx_word' id='word_1_324' title='bbox 836 3908 866 3951; x_wconf 88' lang='lat' dir='ltr'><strong>nt</strong></span> <span class='ocrx_word' id='word_1_325' title='bbox 884 3901 1002 3951; x_wconf 86' lang='lat' dir='ltr'><strong>medicus</strong></span> <span class='ocrx_word' id='word_1_326' title='bbox 1023 3914 1077 3950; x_wconf 92' lang='lat' dir='ltr'><strong>non</strong></span> <span class='ocrx_word' id='word_1_327' title='bbox 1101 3901 1129 3950; x_wconf 92' lang='lat' dir='ltr'><strong>in</strong></span> <span class='ocrx_word' id='word_1_328' title='bbox 1146 3914 1219 3950; x_wconf 89' lang='lat' dir='ltr'><strong>ramo</strong></span> <span class='ocrx_word' id='word_1_329' title='bbox 1240 3899 1288 3950; x_wconf 89' lang='lat' dir='ltr'><strong>sed</strong></span> <span class='ocrx_word' id='word_1_330' title='bbox 1307 3899 1334 3949; x_wconf 90' lang='lat' dir='ltr'><strong>in</strong></span> <span class='ocrx_word' id='word_1_331' title='bbox 1353 3897 1447 3948; x_wconf 90' lang='lat' dir='ltr'><strong>radice</strong></span> <span class='ocrx_word' id='word_1_332' title='bbox 1512 3889 1513 3912; x_wconf 64' lang='lat'>¹</span> 
     </span>
     <span class='ocr_line' id='line_1_38' title="bbox 308 3968 1448 4039; baseline 0.004 -23"><span class='ocrx_word' id='word_1_333' title='bbox 308 3991 310 3997; x_wconf 40' lang='grc' dir='ltr'><strong><em>ν</em></strong></span> <span class='ocrx_word' id='word_1_334' title='bbox 343 3968 509 4018; x_wconf 87' lang='lat' dir='ltr'><strong>curationem</strong></span> <span class='ocrx_word' id='word_1_335' title='bbox 530 3983 684 4037; x_wconf 69' lang='lat' dir='ltr'><strong>aggressos.</strong></span> <span class='ocrx_word' id='word_1_336' title='bbox 722 3979 860 4039; x_wconf 86' lang='lat' dir='ltr'><strong>postquam</strong></span> <span class='ocrx_word' id='word_1_337' title='bbox 881 3980 968 4024; x_wconf 88' lang='lat' dir='ltr'><strong>autem</strong></span> <span class='ocrx_word' id='word_1_338' title='bbox 988 3972 1102 4035; x_wconf 86' lang='lat' dir='ltr'><strong>accidit,</strong></span> <span class='ocrx_word' id='word_1_339' title='bbox 1122 3979 1151 4022; x_wconf 91' lang='lat' dir='ltr'><strong>nt</strong></span> <span class='ocrx_word' id='word_1_340' title='bbox 1168 3970 1288 4023; x_wconf 88' lang='lat' dir='ltr'><strong>l’alarnas</strong></span> <span class='ocrx_word' id='word_1_341' title='bbox 1310 3983 1370 4020; x_wconf 88' lang='lat' dir='ltr'><strong>cum</strong></span> <span class='ocrx_word' id='word_1_342' title='bbox 1389 3976 1448 4020; x_wconf 85' lang='lat' dir='ltr'><strong>tota</strong></span> 
     </span>
     <span class='ocr_line' id='line_1_39' title="bbox 342 4037 1447 4109; baseline 0.002 -20"><span class='ocrx_word' id='word_1_343' title='bbox 342 4037 445 4089; x_wconf 77' lang='lat' dir='ltr'><strong>familia</strong></span> <span class='ocrx_word' id='word_1_344' title='bbox 463 4053 512 4090; x_wconf 88' lang='lat' dir='ltr'><strong>sna</strong></span> <span class='ocrx_word' id='word_1_345' title='bbox 530 4048 558 4090; x_wconf 87' lang='lat' dir='ltr'><strong>ct</strong></span> <span class='ocrx_word' id='word_1_346' title='bbox 576 4042 798 4093; x_wconf 87' lang='lat' dir='ltr'><strong>determinatione</strong></span> <span class='ocrx_word' id='word_1_347' title='bbox 824 4051 851 4094; x_wconf 90' lang='lat' dir='ltr'><strong>et</strong></span> <span class='ocrx_word' id='word_1_348' title='bbox 877 4045 1047 4109; x_wconf 85' lang='lat' dir='ltr'><strong>separatione</strong></span> <span class='ocrx_word' id='word_1_349' title='bbox 1072 4043 1163 4094; x_wconf 86' lang='lat' dir='ltr'><strong>divina</strong></span> <span class='ocrx_word' id='word_1_350' title='bbox 1188 4041 1375 4095; x_wconf 87' lang='lat' dir='ltr'><strong>succumberet</strong></span> <span class='ocrx_word' id='word_1_351' title='bbox 1395 4055 1447 4107; x_wconf 85' lang='lat' dir='ltr'><strong>pa-</strong></span> 
     </span>
     <span class='ocr_line' id='line_1_40' title="bbox 342 4109 1447 4182; baseline 0 -22"><span class='ocrx_word' id='word_1_352' title='bbox 342 4109 467 4160; x_wconf 89' lang='lat' dir='ltr'><strong>triarchis</strong></span> <span class='ocrx_word' id='word_1_353' title='bbox 487 4110 590 4162; x_wconf 76' lang='lat' dir='ltr'><strong>duobos</strong></span> <span class='ocrx_word' id='word_1_354' title='bbox 617 4121 645 4163; x_wconf 86' lang='lat' dir='ltr'><strong>ct</strong></span> <span class='ocrx_word' id='word_1_355' title='bbox 669 4113 811 4177; x_wconf 88' lang='lat' dir='ltr'><strong>omnibns,</strong></span> <span class='ocrx_word' id='word_1_356' title='bbox 832 4123 962 4182; x_wconf 88' lang='lat' dir='ltr'><strong>quotquot</strong></span> <span class='ocrx_word' id='word_1_357' title='bbox 985 4124 1040 4166; x_wconf 84' lang='lat' dir='ltr'><strong>turn</strong></span> <span class='ocrx_word' id='word_1_358' title='bbox 1061 4115 1171 4166; x_wconf 89' lang='lat' dir='ltr'><strong>aderant</strong></span> <span class='ocrx_word' id='word_1_359' title='bbox 1191 4115 1341 4181; x_wconf 88' lang='lat' dir='ltr'><strong>episcopis,</strong></span> <span class='ocrx_word' id='word_1_360' title='bbox 1360 4111 1447 4164; x_wconf 90' lang='lat' dir='ltr'><strong>multo</strong></span> 
     </span>
     <span class='ocr_line' id='line_1_41' title="bbox 340 4182 1448 4254; baseline 0.004 -22"><span class='ocrx_word' id='word_1_361' title='bbox 340 4182 426 4249; x_wconf 78' lang='lat' dir='ltr'><strong>magis</strong></span> <span class='ocrx_word' id='word_1_362' title='bbox 446 4182 667 4250; x_wconf 84' lang='lat' dir='ltr'><strong>tranquillitatem</strong></span> <span class='ocrx_word' id='word_1_363' title='bbox 685 4185 830 4250; x_wconf 90' lang='lat' dir='ltr'><strong>probabam</strong></span> <span class='ocrx_word' id='word_1_364' title='bbox 846 4195 877 4238; x_wconf 88' lang='lat' dir='ltr'><strong>-et</strong></span> <span class='ocrx_word' id='word_1_365' title='bbox 906 4185 1097 4251; x_wconf 88' lang='lat' dir='ltr'><strong>nanciscebar,</strong></span> <span class='ocrx_word' id='word_1_366' title='bbox 1118 4187 1218 4254; x_wconf 88' lang='lat' dir='ltr'><strong>quippe</strong></span> <span class='ocrx_word' id='word_1_367' title='bbox 1236 4201 1305 4254; x_wconf 89' lang='lat' dir='ltr'><strong>quae</strong></span> <span class='ocrx_word' id='word_1_368' title='bbox 1324 4184 1383 4239; x_wconf 88' lang='lat' dir='ltr'><strong>sola</strong></span> <span class='ocrx_word' id='word_1_369' title='bbox 1403 4185 1448 4236; x_wconf 82' lang='lat' dir='ltr'><strong>la-</strong></span> 
     </span>
     <span class='ocr_line' id='line_1_42' title="bbox 342 4251 1447 4322; baseline 0.005 -19"><span class='ocrx_word' id='word_1_370' title='bbox 342 4252 470 4304; x_wconf 89' lang='lat' dir='ltr'><strong>cnltatem</strong></span> <span class='ocrx_word' id='word_1_371' title='bbox 489 4261 516 4304; x_wconf 91' lang='lat' dir='ltr'><strong>et</strong></span> <span class='ocrx_word' id='word_1_372' title='bbox 534 4251 664 4307; x_wconf 81' lang='lat' dir='ltr'><strong>rdtioncm</strong></span> <span class='ocrx_word' id='word_1_373' title='bbox 684 4257 825 4322; x_wconf 84' lang='lat' dir='ltr'><strong>praeberet</strong></span> <span class='ocrx_word' id='word_1_374' title='bbox 844 4258 1041 4310; x_wconf 85' lang='lat' dir='ltr'><strong>haereticorum</strong></span> <span class='ocrx_word' id='word_1_375' title='bbox 1061 4257 1161 4310; x_wconf 80' lang='lat' dir='ltr'><strong>familia</strong></span> <span class='ocrx_word' id='word_1_376' title='bbox 1182 4267 1209 4310; x_wconf 90' lang='lat' dir='ltr'><strong>et</strong></span> <span class='ocrx_word' id='word_1_377' title='bbox 1228 4259 1361 4312; x_wconf 87' lang='lat' dir='ltr'><strong>societate</strong></span> <span class='ocrx_word' id='word_1_378' title='bbox 1380 4257 1447 4310; x_wconf 87' lang='lat' dir='ltr'><strong>satis</strong></span> 
     </span>
     <span class='ocr_line' id='line_1_43' title="bbox 342 4324 1449 4407; baseline 0.002 -27"><span class='ocrx_word' id='word_1_379' title='bbox 342 4324 505 4380; x_wconf 77' lang='lat' dir='ltr'><strong>abstinendi.</strong></span> <span class='ocrx_word' id='word_1_380' title='bbox 540 4326 593 4378; x_wconf 87' lang='lat' dir='ltr'><strong>iam</strong></span> <span class='ocrx_word' id='word_1_381' title='bbox 611 4343 677 4380; x_wconf 81' lang='lat' dir='ltr'><strong>vero</strong></span> <span class='ocrx_word' id='word_1_382' title='bbox 708 4330 912 4407; x_wconf 76' lang='lat' dir='ltr'><strong>insectationem</strong></span> <span class='ocrx_word' id='word_1_383' title='bbox 937 4329 1061 4382; x_wconf 86' lang='lat' dir='ltr'><strong>accendit</strong></span> <span class='ocrx_word' id='word_1_384' title='bbox 1089 4330 1225 4387; x_wconf 84' lang='lat' dir='ltr'><strong>ecclesiae</strong></span> <span class='ocrx_word' id='word_1_385' title='bbox 1243 4338 1400 4402; x_wconf 82' lang='lat' dir='ltr'><strong>tempestas,</strong></span> <span class='ocrx_word' id='word_1_386' title='bbox 1421 4335 1449 4382; x_wconf 89' lang='lat' dir='ltr'><strong>et</strong></span> 
     </span>
    </p>
   </div>
   <div class='ocr_carea' id='block_1_5' title="bbox 0 0 1596 5100">
    <p class='ocr_par' dir='ltr' id='par_1_5' title="bbox 0 0 1596 5100">
     <span class='ocr_line' id='line_1_44' title="bbox 0 0 1596 5100; baseline 0 0"><span class='ocrx_word' id='word_1_387' title='bbox 0 0 1596 5100; x_wconf 95' lang='lat' dir='ltr'><strong> </strong></span> 
     </span>
    </p>
   </div>
  </div>
 </body>
</html>
