<?xml version="1.0" encoding="UTF-8"?>
<!DOCTYPE html PUBLIC "-//W3C//DTD XHTML 1.0 Transitional//EN"
    "http://www.w3.org/TR/xhtml1/DTD/xhtml1-transitional.dtd">
<html xmlns="http://www.w3.org/1999/xhtml" xml:lang="en" lang="en">
 <head>
  <title>
</title>
<meta http-equiv="Content-Type" content="text/html;charset=utf-8" />
  <meta name='ocr-system' content='tesseract 3.04.00' />
  <meta name='ocr-capabilities' content='ocr_page ocr_carea ocr_par ocr_line ocrx_word'/>
</head>
<body>
  <div class='ocr_page' id='page_1' title='image "./nicephorigregor04schogoog_0497.png"; bbox 0 0 3184 5100; ppageno 0'>
   <div class='ocr_carea' id='block_1_1' title="bbox 335 294 1230 444">
    <p class='ocr_par' dir='ltr' id='par_1_1' title="bbox 335 294 1230 444">
     <span class='ocr_line' id='line_1_1' title="bbox 335 294 1230 444; baseline 0 0"><span class='ocrx_word' id='word_1_1' title='bbox 335 340 411 444; x_wconf 76' lang='lat' dir='ltr'><strong>tae</strong></span> <span class='ocrx_word' id='word_1_2' title='bbox 654 367 881 439; x_wconf 77' lang='lat' dir='ltr'><strong>memnoni</strong></span> <span class='ocrx_word' id='word_1_3' title='bbox 909 294 1156 435; x_wconf 61' lang='grc' dir='ltr'><em>σιτευτοί</em></span> <span class='ocrx_word' id='word_1_4' title='bbox 1198 400 1230 444; x_wconf 83' lang='grc'><em>.·</em></span> 
     </span>
    </p>
   </div>
   <div class='ocr_carea' id='block_1_2' title="bbox 204 525 1481 2528">
    <p class='ocr_par' dir='ltr' id='par_1_2' title="bbox 204 525 1481 2528">
     <span class='ocr_line' id='line_1_2' title="bbox 337 525 1461 617; baseline -0.002 -22"><span class='ocrx_word' id='word_1_5' title='bbox 337 534 381 617; x_wconf 77' lang='grc' dir='ltr'><em>σῇ</em></span> <span class='ocrx_word' id='word_1_6' title='bbox 401 530 550 616; x_wconf 74' lang='grc' dir='ltr'><em>θεότητος</em></span> <span class='ocrx_word' id='word_1_7' title='bbox 567 529 684 616; x_wconf 80' lang='grc' dir='ltr'><em>μικρὸν</em></span> <span class='ocrx_word' id='word_1_8' title='bbox 705 525 1019 615; x_wconf 77' lang='grc' dir='ltr'><em>παρανοιχθείσηςῆ</em></span> <span class='ocrx_word' id='word_1_9' title='bbox 1040 531 1346 615; x_wconf 69' lang='grc' dir='ltr'><em>παραύειχθτισης,</em></span> <span class='ocrx_word' id='word_1_10' title='bbox 1374 554 1461 612; x_wconf 86' lang='grc' dir='ltr'><em>ττρος</em></span> 
     </span>
     <span class='ocr_line' id='line_1_3' title="bbox 339 628 1458 719; baseline -0.004 -22"><span class='ocrx_word' id='word_1_11' title='bbox 339 631 478 711; x_wconf 82' lang='grc' dir='ltr'><em>οἷτύπους</em></span> <span class='ocrx_word' id='word_1_12' title='bbox 501 634 624 707; x_wconf 85' lang='grc' dir='ltr'><em>ἐννοίας</em></span> <span class='ocrx_word' id='word_1_13' title='bbox 645 632 700 695; x_wconf 80' lang='grc' dir='ltr'><em>καί</em></span> <span class='ocrx_word' id='word_1_14' title='bbox 717 630 807 713; x_wconf 86' lang='grc' dir='ltr'><em>μα’λα</em></span> <span class='ocrx_word' id='word_1_15' title='bbox 827 632 868 716; x_wconf 74' lang='grc' dir='ltr'><em>τῇ</em></span> <span class='ocrx_word' id='word_1_16' title='bbox 891 628 1037 719; x_wconf 81' lang='grc' dir='ltr'><em>εύσεβείη</em></span> <span class='ocrx_word' id='word_1_17' title='bbox 1062 629 1249 719; x_wconf 77' lang='grc' dir='ltr'><em>ἀπφύούσας</em></span> <span class='ocrx_word' id='word_1_18' title='bbox 1271 630 1458 713; x_wconf 73' lang='grc' dir='ltr'><em>ἐξενεχθή-</em></span> 
     </span>
     <span class='ocr_line' id='line_1_4' title="bbox 337 718 1458 819; baseline -0.007 -18"><span class='ocrx_word' id='word_1_19' title='bbox 337 757 441 814; x_wconf 79' lang='grc' dir='ltr'><em>σεται,</em></span> <span class='ocrx_word' id='word_1_20' title='bbox 468 735 607 819; x_wconf 80' lang='grc' dir='ltr'><em>μηδαμῇ</em></span> <span class='ocrx_word' id='word_1_21' title='bbox 630 733 792 817; x_wconf 52' lang='lat' dir='ltr'><strong>gained</strong></span> <span class='ocrx_word' id='word_1_22' title='bbox 809 733 866 815; x_wconf 80' lang='grc' dir='ltr'><em>τῆς</em></span> <span class='ocrx_word' id='word_1_23' title='bbox 889 730 1063 815; x_wconf 76' lang='grc' dir='ltr'><em>ἐπιστήμης</em></span> <span class='ocrx_word' id='word_1_24' title='bbox 1093 731 1177 816; x_wconf 77' lang='grc' dir='ltr'><em>φωτί</em></span> <span class='ocrx_word' id='word_1_25' title='bbox 1211 718 1458 816; x_wconf 76' lang='grc' dir='ltr'><em>ἁρμοττούσας.</em></span> 
     </span>
     <span class='ocr_line' id='line_1_5' title="bbox 270 830 1458 923; baseline -0.008 -20"><span class='ocrx_word' id='word_1_26' title='bbox 270 852 325 905; x_wconf 78' lang='grc' dir='ltr'><em>ΙΙ</em></span> <span class='ocrx_word' id='word_1_27' title='bbox 337 830 417 903; x_wconf 70' lang='grc' dir='ltr'><em>ὥστε</em></span> <span class='ocrx_word' id='word_1_28' title='bbox 436 834 493 901; x_wconf 82' lang='grc' dir='ltr'><em>καί</em></span> <span class='ocrx_word' id='word_1_29' title='bbox 512 833 644 923; x_wconf 83' lang='grc' dir='ltr'><em>σφύύρα</em></span> <span class='ocrx_word' id='word_1_30' title='bbox 666 833 848 915; x_wconf 77' lang='grc' dir='ltr'><em>θαυμάζειν</em></span> <span class='ocrx_word' id='word_1_31' title='bbox 881 831 955 913; x_wconf 80' lang='grc' dir='ltr'><em>ἐμοί</em></span> <span class='ocrx_word' id='word_1_32' title='bbox 976 832 1140 915; x_wconf 85' lang='grc' dir='ltr'><em>περίεστι,</em></span> <span class='ocrx_word' id='word_1_33' title='bbox 1172 835 1240 907; x_wconf 76' lang='grc' dir='ltr'><em>πῶς</em></span> <span class='ocrx_word' id='word_1_34' title='bbox 1263 832 1326 896; x_wconf 84' lang='grc' dir='ltr'><em>καί</em></span> <span class='ocrx_word' id='word_1_35' title='bbox 1349 831 1458 895; x_wconf 76' lang='grc' dir='ltr'><em>πύθτν</em></span> 
     </span>
     <span class='ocr_line' id='line_1_6' title="bbox 338 927 1475 1017; baseline 0 -20"><span class='ocrx_word' id='word_1_36' title='bbox 338 932 356 997; x_wconf 93' lang='lat' dir='ltr'><em>o‘</em></span> <span class='ocrx_word' id='word_1_37' title='bbox 378 937 545 1016; x_wconf 82' lang='grc' dir='ltr'><em>Παλαμᾶς</em></span> <span class='ocrx_word' id='word_1_38' title='bbox 566 935 611 1011; x_wconf 83' lang='grc' dir='ltr'><em>εἰς</em></span> <span class='ocrx_word' id='word_1_39' title='bbox 631 932 779 1008; x_wconf 72' lang='grc' dir='ltr'><strong><em>τοιαύτας</em></strong></span> <span class='ocrx_word' id='word_1_40' title='bbox 796 928 894 1007; x_wconf 71' lang='grc' dir='ltr'><em>εὐθὺς</em></span> <span class='ocrx_word' id='word_1_41' title='bbox 912 930 1128 1001; x_wconf 71' lang='grc' dir='ltr'><em>ἐκτετύπωται</em></span> <span class='ocrx_word' id='word_1_42' title='bbox 1147 934 1384 1017; x_wconf 76' lang='grc' dir='ltr'><em>βλασφημίας.</em></span> <span class='ocrx_word' id='word_1_43' title='bbox 1419 927 1475 997; x_wconf 76' lang='lat' dir='ltr'><strong>edi</strong></span> 
     </span>
     <span class='ocr_line' id='line_1_7' title="bbox 334 1026 1455 1119; baseline -0.01 -15"><span class='ocrx_word' id='word_1_44' title='bbox 334 1032 397 1119; x_wconf 73' lang='grc' dir='ltr'><em>γὰρ</em></span> <span class='ocrx_word' id='word_1_45' title='bbox 430 1033 500 1115; x_wconf 74' lang='grc' dir='ltr'><em>ἔχει</em></span> <span class='ocrx_word' id='word_1_46' title='bbox 533 1033 634 1119; x_wconf 73' lang='grc' dir='ltr'><em>λέγειν</em></span> <span class='ocrx_word' id='word_1_47' title='bbox 668 1029 711 1109; x_wconf 77' lang='grc' dir='ltr'><em>ὥς</em></span> <span class='ocrx_word' id='word_1_48' title='bbox 740 1029 976 1117; x_wconf 82' lang='grc' dir='ltr'><em>παραστατικὸν</em></span> <span class='ocrx_word' id='word_1_49' title='bbox 1004 1026 1074 1095; x_wconf 78' lang='grc' dir='ltr'><em>οὔτε</em></span> <span class='ocrx_word' id='word_1_50' title='bbox 1104 1030 1140 1096; x_wconf 84' lang='grc' dir='ltr'><em>τύ</em></span> <span class='ocrx_word' id='word_1_51' title='bbox 1176 1034 1455 1117; x_wconf 80' lang='grc' dir='ltr'><em>παραύειχθῆναι</em></span> 
     </span>
     <span class='ocr_line' id='line_1_8' title="bbox 336 1128 1454 1218; baseline -0.002 -21"><span class='ocrx_word' id='word_1_52' title='bbox 336 1128 406 1202; x_wconf 75' lang='lat' dir='ltr'><strong>odra</strong></span> <span class='ocrx_word' id='word_1_53' title='bbox 423 1133 458 1199; x_wconf 85' lang='grc' dir='ltr'><em>τύ</em></span> <span class='ocrx_word' id='word_1_54' title='bbox 480 1136 604 1218; x_wconf 76' lang='grc' dir='ltr'><em>μικραῖς</em></span> <span class='ocrx_word' id='word_1_55' title='bbox 625 1158 693 1209; x_wconf 81' lang='grc' dir='ltr'><em>ποις</em></span> <span class='ocrx_word' id='word_1_56' title='bbox 730 1132 894 1216; x_wconf 73' lang='grc' dir='ltr'><em>ἀνοιγῆναι</em></span> <span class='ocrx_word' id='word_1_57' title='bbox 926 1130 1060 1217; x_wconf 80' lang='grc' dir='ltr'><em>θιύτητα</em></span> <span class='ocrx_word' id='word_1_58' title='bbox 1091 1134 1147 1199; x_wconf 83' lang='grc' dir='ltr'><em>τοῦ</em></span> <span class='ocrx_word' id='word_1_59' title='bbox 1177 1132 1333 1216; x_wconf 86' lang='grc' dir='ltr'><em>θτύτητος</em></span> <span class='ocrx_word' id='word_1_60' title='bbox 1366 1140 1454 1196; x_wconf 81' lang='grc' dir='ltr'><em>νοεῖν</em></span> 
     </span>
     <span class='ocr_line' id='line_1_9' title="bbox 335 1229 1453 1319; baseline -0.004 -19"><span class='ocrx_word' id='word_1_61' title='bbox 335 1236 435 1300; x_wconf 75' lang='grc' dir='ltr'><em>ἐκεῖνο</em></span> <span class='ocrx_word' id='word_1_62' title='bbox 455 1233 534 1311; x_wconf 78' lang='grc' dir='ltr'><em>τέως</em></span> <span class='ocrx_word' id='word_1_63' title='bbox 554 1229 746 1319; x_wconf 76' lang='grc' dir='ltr'><em>γεγενῆσθαι</em></span> <span class='ocrx_word' id='word_1_64' title='bbox 762 1229 796 1297; x_wconf 84' lang='grc' dir='ltr'><em>τύ</em></span> <span class='ocrx_word' id='word_1_65' title='bbox 821 1234 899 1318; x_wconf 74' lang='grc' dir='ltr'><em>φοῑς.</em></span> <span class='ocrx_word' id='word_1_66' title='bbox 921 1231 1089 1317; x_wconf 75' lang='grc' dir='ltr'><em>λειπούσης</em></span> <span class='ocrx_word' id='word_1_67' title='bbox 1105 1234 1165 1315; x_wconf 84' lang='grc' dir='ltr'><em>μὲν</em></span> <span class='ocrx_word' id='word_1_68' title='bbox 1186 1230 1248 1317; x_wconf 78' lang='grc' dir='ltr'><em>γὰρ</em></span> <span class='ocrx_word' id='word_1_69' title='bbox 1270 1234 1333 1314; x_wconf 84' lang='grc' dir='ltr'><em>τῆς</em></span> <span class='ocrx_word' id='word_1_70' title='bbox 1357 1233 1453 1317; x_wconf 78' lang='grc' dir='ltr'><em>παρά</em></span> 
     </span>
     <span class='ocr_line' id='line_1_10' title="bbox 335 1330 1452 1420; baseline -0.004 -19"><span class='ocrx_word' id='word_1_71' title='bbox 335 1333 522 1420; x_wconf 75' lang='grc' dir='ltr'><em>προθέσεως</em></span> <span class='ocrx_word' id='word_1_72' title='bbox 554 1334 610 1398; x_wconf 80' lang='grc' dir='ltr'><em>καί</em></span> <span class='ocrx_word' id='word_1_73' title='bbox 645 1335 701 1398; x_wconf 81' lang='grc' dir='ltr'><em>τοῦ</em></span> <span class='ocrx_word' id='word_1_74' title='bbox 725 1330 869 1419; x_wconf 73' lang='grc' dir='ltr'><em>“μικροός</em></span> <span class='ocrx_word' id='word_1_75' title='bbox 903 1335 972 1409; x_wconf 80' lang='grc' dir='ltr'><em>πῶς</em></span> <span class='ocrx_word' id='word_1_76' title='bbox 1004 1331 1121 1410; x_wconf 70' lang='grc' dir='ltr'><em>ἐθειξε”</em></span> <span class='ocrx_word' id='word_1_77' title='bbox 1143 1333 1199 1399; x_wconf 78' lang='grc' dir='ltr'><em>καὶ</em></span> <span class='ocrx_word' id='word_1_78' title='bbox 1225 1334 1282 1395; x_wconf 80' lang='grc' dir='ltr'><em>τοῦ</em></span> <span class='ocrx_word' id='word_1_79' title='bbox 1303 1330 1452 1417; x_wconf 78' lang='grc' dir='ltr'><em>“μικρὸν</em></span> 
     </span>
     <span class='ocr_line' id='line_1_11' title="bbox 335 1426 1481 1520; baseline -0.004 -20"><span class='ocrx_word' id='word_1_80' title='bbox 335 1434 522 1520; x_wconf 57' lang='lat' dir='ltr'><strong>nogdanti?</strong></span> <span class='ocrx_word' id='word_1_81' title='bbox 543 1435 599 1503; x_wconf 78' lang='grc' dir='ltr'><em>καὶ</em></span> <span class='ocrx_word' id='word_1_82' title='bbox 619 1436 681 1499; x_wconf 72' lang='grc' dir='ltr'><em>τοῖν</em></span> <span class='ocrx_word' id='word_1_83' title='bbox 702 1431 843 1516; x_wconf 80' lang='grc' dir='ltr'><em>ὅμοίων,</em></span> <span class='ocrx_word' id='word_1_84' title='bbox 875 1426 960 1513; x_wconf 77' lang='grc' dir='ltr'><em>εἶχεν</em></span> <span class='ocrx_word' id='word_1_85' title='bbox 992 1427 1029 1497; x_wconf 78' lang='grc' dir='ltr'><em>ἅν</em></span> <span class='ocrx_word' id='word_1_86' title='bbox 1052 1457 1121 1509; x_wconf 86' lang='grc' dir='ltr'><em>πως</em></span> <span class='ocrx_word' id='word_1_87' title='bbox 1152 1430 1244 1508; x_wconf 73' lang='lat' dir='ltr'><strong>edric</strong></span> <span class='ocrx_word' id='word_1_88' title='bbox 1264 1455 1301 1497; x_wconf 88' lang='grc' dir='ltr'><em>τε</em></span> <span class='ocrx_word' id='word_1_89' title='bbox 1330 1435 1396 1501; x_wconf 84' lang='grc' dir='ltr'><em>καί</em></span> <span class='ocrx_word' id='word_1_90' title='bbox 1417 1433 1481 1499; x_wconf 80' lang='grc' dir='ltr'><em>τὸιι</em></span> 
     </span>
     <span class='ocr_line' id='line_1_12' title="bbox 258 1528 1451 1620; baseline -0.002 -19"><span class='ocrx_word' id='word_1_91' title='bbox 258 1565 267 1587; x_wconf 80' lang='lat'><strong>.</strong></span> <span class='ocrx_word' id='word_1_92' title='bbox 335 1537 398 1601; x_wconf 81' lang='grc' dir='ltr'><em>τῶν</em></span> <span class='ocrx_word' id='word_1_93' title='bbox 418 1536 637 1617; x_wconf 70' lang='grc' dir='ltr'><em>εἰκονομύχων</em></span> <span class='ocrx_word' id='word_1_94' title='bbox 665 1538 803 1620; x_wconf 84' lang='grc' dir='ltr'><em>σμῆνος,</em></span> <span class='ocrx_word' id='word_1_95' title='bbox 830 1534 860 1597; x_wconf 81' lang='grc' dir='ltr'><em>εἰ</em></span> <span class='ocrx_word' id='word_1_96' title='bbox 883 1533 939 1599; x_wconf 82' lang='grc' dir='ltr'><em>καί</em></span> <span class='ocrx_word' id='word_1_97' title='bbox 959 1531 1004 1617; x_wconf 85' lang='grc' dir='ltr'><em>μή</em></span> <span class='ocrx_word' id='word_1_98' title='bbox 1030 1535 1176 1611; x_wconf 75' lang='grc' dir='ltr'><em>δικαίως,</em></span> <span class='ocrx_word' id='word_1_99' title='bbox 1201 1533 1269 1597; x_wconf 77' lang='grc' dir='ltr'><em>ἀλλ’</em></span> <span class='ocrx_word' id='word_1_100' title='bbox 1296 1528 1360 1598; x_wconf 83' lang='grc' dir='ltr'><em>σύν</em></span> <span class='ocrx_word' id='word_1_101' title='bbox 1382 1529 1451 1616; x_wconf 77' lang='grc' dir='ltr'><em>εἶχέ</em></span> 
     </span>
     <span class='ocr_line' id='line_1_13' title="bbox 335 1632 1448 1721; baseline 0.004 -25"><span class='ocrx_word' id='word_1_102' title='bbox 335 1636 594 1721; x_wconf 67' lang='grc' dir='ltr'><em>τιναμρύφασιν</em></span> <span class='ocrx_word' id='word_1_103' title='bbox 622 1634 702 1712; x_wconf 64' lang='lat' dir='ltr'><strong>ieme</strong></span> <span class='ocrx_word' id='word_1_104' title='bbox 732 1638 789 1718; x_wconf 81' lang='grc' dir='ltr'><em>τῆς</em></span> <span class='ocrx_word' id='word_1_105' title='bbox 810 1635 956 1719; x_wconf 75' lang='grc' dir='ltr'><em>τοιαύτης</em></span> <span class='ocrx_word' id='word_1_106' title='bbox 988 1632 1091 1698; x_wconf 73' lang='grc' dir='ltr'><em>αὐτῶν</em></span> <span class='ocrx_word' id='word_1_107' title='bbox 1114 1632 1284 1720; x_wconf 78' lang='grc' dir='ltr'><em>αἱρέσεως·</em></span> <span class='ocrx_word' id='word_1_108' title='bbox 1334 1638 1398 1702; x_wconf 80' lang='grc' dir='ltr'><em>νῦν</em></span> <span class='ocrx_word' id='word_1_109' title='bbox 1422 1638 1448 1701; x_wconf 89' lang='lat' dir='ltr'><em>d&#39;</em></span> 
     </span>
     <span class='ocr_line' id='line_1_14' title="bbox 338 1732 1450 1826; baseline 0.003 -29"><span class='ocrx_word' id='word_1_110' title='bbox 338 1732 471 1818; x_wconf 84' lang='grc' dir='ltr'><em>ούύεμία</em></span> <span class='ocrx_word' id='word_1_111' title='bbox 500 1734 529 1803; x_wconf 77' lang='grc' dir='ltr'><em>οἱ</em></span> <span class='ocrx_word' id='word_1_112' title='bbox 558 1736 701 1803; x_wconf 82' lang='grc' dir='ltr'><em>λείπεται</em></span> <span class='ocrx_word' id='word_1_113' title='bbox 722 1736 896 1822; x_wconf 82' lang='grc' dir='ltr'><em>πρόφασις.</em></span> <span class='ocrx_word' id='word_1_114' title='bbox 939 1734 994 1799; x_wconf 83' lang='grc' dir='ltr'><em>καὶ</em></span> <span class='ocrx_word' id='word_1_115' title='bbox 1021 1735 1084 1821; x_wconf 76' lang='grc' dir='ltr'><em>μὰρ</em></span> <span class='ocrx_word' id='word_1_116' title='bbox 1105 1738 1146 1821; x_wconf 80' lang='grc' dir='ltr'><em>τῇ</em></span> <span class='ocrx_word' id='word_1_117' title='bbox 1168 1736 1371 1826; x_wconf 75' lang='grc' dir='ltr'><em>διδασκαλίᾳ</em></span> <span class='ocrx_word' id='word_1_118' title='bbox 1396 1740 1450 1820; x_wconf 80' lang='grc' dir='ltr'><em>τῆς</em></span> 
     </span>
     <span class='ocr_line' id='line_1_15' title="bbox 335 1830 1446 1921; baseline 0.003 -23"><span class='ocrx_word' id='word_1_119' title='bbox 335 1838 397 1900; x_wconf 77' lang='grc' dir='ltr'><em>τῶν</em></span> <span class='ocrx_word' id='word_1_120' title='bbox 418 1837 532 1915; x_wconf 59' lang='lat' dir='ltr'><strong>tatem</strong></span> <span class='ocrx_word' id='word_1_121' title='bbox 562 1836 736 1921; x_wconf 74' lang='grc' dir='ltr'><em>ἐπιστήμης</em></span> <span class='ocrx_word' id='word_1_122' title='bbox 764 1835 794 1901; x_wconf 82' lang='grc' dir='ltr'><em>οἱ</em></span> <span class='ocrx_word' id='word_1_123' title='bbox 825 1839 909 1899; x_wconf 87' lang='grc' dir='ltr'><em>θεῖοι</em></span> <span class='ocrx_word' id='word_1_124' title='bbox 929 1839 984 1921; x_wconf 82' lang='grc' dir='ltr'><em>τῆς</em></span> <span class='ocrx_word' id='word_1_125' title='bbox 1011 1837 1179 1921; x_wconf 73' lang='grc' dir='ltr'><em>ἐκκλησίας</em></span> <span class='ocrx_word' id='word_1_126' title='bbox 1201 1836 1343 1921; x_wconf 81' lang='grc' dir='ltr'><em>πατέρες</em></span> <span class='ocrx_word' id='word_1_127' title='bbox 1366 1830 1446 1901; x_wconf 71' lang='grc' dir='ltr'><em>ἐπύ-</em></span> 
     </span>
     <span class='ocr_line' id='line_1_16' title="bbox 204 1930 1480 2023; baseline -0.008 -16"><span class='ocrx_word' id='word_1_128' title='bbox 204 1951 289 2009; x_wconf 67' lang='lat' dir='ltr'><strong>didi</strong></span> <span class='ocrx_word' id='word_1_129' title='bbox 300 1969 323 2006; x_wconf 83' lang='lat' dir='ltr'><strong>a.</strong></span> <span class='ocrx_word' id='word_1_130' title='bbox 334 1930 443 2021; x_wconf 85' lang='grc' dir='ltr'><em>μενοι,</em></span> <span class='ocrx_word' id='word_1_131' title='bbox 479 1939 655 2023; x_wconf 73' lang='grc' dir='ltr'><em>θεραπείας</em></span> <span class='ocrx_word' id='word_1_132' title='bbox 672 1936 821 2013; x_wconf 86' lang='grc' dir='ltr'><em>τοιαύτας</em></span> <span class='ocrx_word' id='word_1_133' title='bbox 841 1942 906 2013; x_wconf 78' lang='grc' dir='ltr'><em>τοῖς</em></span> <span class='ocrx_word' id='word_1_134' title='bbox 929 1933 1009 2003; x_wconf 74' lang='grc' dir='ltr'><em>οὕτω</em></span> <span class='ocrx_word' id='word_1_135' title='bbox 1034 1935 1151 2021; x_wconf 85' lang='grc' dir='ltr'><em>τόλμης</em></span> <span class='ocrx_word' id='word_1_136' title='bbox 1172 1935 1287 2019; x_wconf 81' lang='grc' dir='ltr'><em>ἔχουσι</em></span> <span class='ocrx_word' id='word_1_137' title='bbox 1312 1940 1480 2023; x_wconf 55' lang='lat' dir='ltr'><strong>demand-tt</strong></span> 
     </span>
     <span class='ocr_line' id='line_1_17' title="bbox 267 2035 1447 2125; baseline -0.005 -16"><span class='ocrx_word' id='word_1_138' title='bbox 267 2058 325 2111; x_wconf 78' lang='lat' dir='ltr'><em>u</em></span> <span class='ocrx_word' id='word_1_139' title='bbox 333 2063 434 2123; x_wconf 81' lang='grc' dir='ltr'><em>μασιν</em></span> <span class='ocrx_word' id='word_1_140' title='bbox 457 2038 552 2104; x_wconf 77' lang='grc' dir='ltr'><em>αὐτοί</em></span> <span class='ocrx_word' id='word_1_141' title='bbox 566 2061 600 2103; x_wconf 86' lang='grc' dir='ltr'><em>τε</em></span> <span class='ocrx_word' id='word_1_142' title='bbox 624 2038 820 2123; x_wconf 80' lang='grc' dir='ltr'><em>ἐπιφέρουσι</em></span> <span class='ocrx_word' id='word_1_143' title='bbox 840 2039 897 2105; x_wconf 86' lang='grc' dir='ltr'><em>καέ</em></span> <span class='ocrx_word' id='word_1_144' title='bbox 918 2035 1004 2123; x_wconf 78' lang='grc' dir='ltr'><em>ἡμᾶς</em></span> <span class='ocrx_word' id='word_1_145' title='bbox 1024 2041 1228 2123; x_wconf 80' lang='grc' dir='ltr'><em>παραινοῦσι.</em></span> <span class='ocrx_word' id='word_1_146' title='bbox 1271 2040 1364 2124; x_wconf 82' lang='grc' dir='ltr'><em>φασί</em></span> <span class='ocrx_word' id='word_1_147' title='bbox 1385 2038 1447 2125; x_wconf 75' lang='grc' dir='ltr'><em>γὰρ</em></span> 
     </span>
     <span class='ocr_line' id='line_1_18' title="bbox 334 2137 1447 2225; baseline -0.002 -20"><span class='ocrx_word' id='word_1_148' title='bbox 334 2142 390 2206; x_wconf 82' lang='grc' dir='ltr'><em>καί</em></span> <span class='ocrx_word' id='word_1_149' title='bbox 411 2139 440 2204; x_wconf 80' lang='lat' dir='ltr'><strong>oi</strong></span> <span class='ocrx_word' id='word_1_150' title='bbox 467 2143 523 2225; x_wconf 82' lang='grc' dir='ltr'><em>τῆς</em></span> <span class='ocrx_word' id='word_1_151' title='bbox 552 2137 699 2214; x_wconf 77' lang='grc' dir='ltr'><em>Ἑλλάδος</em></span> <span class='ocrx_word' id='word_1_152' title='bbox 723 2141 843 2225; x_wconf 83' lang='grc' dir='ltr'><em>σοφίας</em></span> <span class='ocrx_word' id='word_1_153' title='bbox 864 2139 919 2204; x_wconf 80' lang='grc' dir='ltr'><em>καί</em></span> <span class='ocrx_word' id='word_1_154' title='bbox 942 2138 1116 2223; x_wconf 84' lang='grc' dir='ltr'><em>ἐπιστήμης</em></span> <span class='ocrx_word' id='word_1_155' title='bbox 1145 2140 1320 2225; x_wconf 82' lang='grc' dir='ltr'><em>ἐφευρεταί</em></span> <span class='ocrx_word' id='word_1_156' title='bbox 1351 2142 1398 2204; x_wconf 81' lang='grc' dir='ltr'><em>τύ</em></span> <span class='ocrx_word' id='word_1_157' title='bbox 1414 2164 1447 2204; x_wconf 87' lang='grc' dir='ltr'><em>τε</em></span> 
     </span>
     <span class='ocr_line' id='line_1_19' title="bbox 335 2234 1446 2326; baseline -0.003 -18"><span class='ocrx_word' id='word_1_158' title='bbox 335 2238 416 2308; x_wconf 76' lang='grc' dir='ltr'><em>ἄλλα</em></span> <span class='ocrx_word' id='word_1_159' title='bbox 435 2242 491 2308; x_wconf 82' lang='grc' dir='ltr'><em>καί</em></span> <span class='ocrx_word' id='word_1_160' title='bbox 524 2241 701 2326; x_wconf 70' lang='grc' dir='ltr'><em>θεραπείαν</em></span> <span class='ocrx_word' id='word_1_161' title='bbox 730 2234 813 2305; x_wconf 80' lang='grc' dir='ltr'><em>εἶναι</em></span> <span class='ocrx_word' id='word_1_162' title='bbox 842 2242 905 2305; x_wconf 79' lang='lat' dir='ltr'><strong>soie</strong></span> <span class='ocrx_word' id='word_1_163' title='bbox 935 2238 1085 2305; x_wconf 84' lang='grc' dir='ltr'><em>τοιούτων</em></span> <span class='ocrx_word' id='word_1_164' title='bbox 1111 2242 1270 2323; x_wconf 82' lang='grc' dir='ltr'><em>βραχεῖαν</em></span> <span class='ocrx_word' id='word_1_165' title='bbox 1291 2242 1446 2326; x_wconf 87' lang='grc' dir='ltr'><em>προσθή-</em></span> 
     </span>
     <span class='ocr_line' id='line_1_20' title="bbox 333 2334 1444 2428; baseline -0.002 -21"><span class='ocrx_word' id='word_1_166' title='bbox 333 2368 409 2428; x_wconf 88' lang='grc' dir='ltr'><em>κην·</em></span> <span class='ocrx_word' id='word_1_167' title='bbox 452 2340 487 2407; x_wconf 80' lang='grc' dir='ltr'><em>τὸ</em></span> <span class='ocrx_word' id='word_1_168' title='bbox 503 2341 565 2427; x_wconf 74' lang='grc' dir='ltr'><em>γὰρ</em></span> <span class='ocrx_word' id='word_1_169' title='bbox 588 2334 655 2405; x_wconf 83' lang='grc' dir='ltr'><em>οἷον</em></span> <span class='ocrx_word' id='word_1_170' title='bbox 685 2341 740 2405; x_wconf 84' lang='grc' dir='ltr'><em>καί</em></span> <span class='ocrx_word' id='word_1_171' title='bbox 762 2339 940 2423; x_wconf 84' lang='grc' dir='ltr'><em>μονονοοχί</em></span> <span class='ocrx_word' id='word_1_172' title='bbox 957 2339 1013 2403; x_wconf 81' lang='grc' dir='ltr'><em>καί</em></span> <span class='ocrx_word' id='word_1_173' title='bbox 1041 2336 1120 2415; x_wconf 77' lang='grc' dir='ltr'><em>ἴσως</em></span> <span class='ocrx_word' id='word_1_174' title='bbox 1140 2338 1196 2405; x_wconf 79' lang='grc' dir='ltr'><em>καί</em></span> <span class='ocrx_word' id='word_1_175' title='bbox 1215 2338 1249 2405; x_wconf 84' lang='grc' dir='ltr'><em>τὸ</em></span> <span class='ocrx_word' id='word_1_176' title='bbox 1271 2342 1339 2405; x_wconf 78' lang='grc' dir='ltr'><em>τῶν</em></span> <span class='ocrx_word' id='word_1_177' title='bbox 1361 2366 1444 2427; x_wconf 87' lang='grc' dir='ltr'><em>προ-</em></span> 
     </span>
     <span class='ocr_line' id='line_1_21' title="bbox 334 2440 1476 2528; baseline -0.004 -18"><span class='ocrx_word' id='word_1_178' title='bbox 334 2443 458 2510; x_wconf 76' lang='grc' dir='ltr'><em>θύσεων</em></span> <span class='ocrx_word' id='word_1_179' title='bbox 479 2443 662 2527; x_wconf 86' lang='grc' dir='ltr'><em>πολύσημον</em></span> <span class='ocrx_word' id='word_1_180' title='bbox 693 2444 750 2508; x_wconf 79' lang='grc' dir='ltr'><em>καί</em></span> <span class='ocrx_word' id='word_1_181' title='bbox 781 2443 938 2528; x_wconf 80' lang='grc' dir='ltr'><em>διάφορον</em></span> <span class='ocrx_word' id='word_1_182' title='bbox 965 2447 1030 2517; x_wconf 78' lang='grc' dir='ltr'><em>τοῖς</em></span> <span class='ocrx_word' id='word_1_183' title='bbox 1061 2440 1166 2525; x_wconf 77' lang='grc' dir='ltr'><em>λύγοις</em></span> <span class='ocrx_word' id='word_1_184' title='bbox 1188 2441 1476 2527; x_wconf 72' lang='grc' dir='ltr'><em>προσλαμβανό-νο</em></span> 
     </span>
    </p>
   </div>
   <div class='ocr_carea' id='block_1_3' title="bbox 332 2539 1444 2934">
    <p class='ocr_par' dir='ltr' id='par_1_3' title="bbox 332 2539 1444 2934">
     <span class='ocr_line' id='line_1_22' title="bbox 332 2539 1444 2632; baseline 0 -24"><span class='ocrx_word' id='word_1_185' title='bbox 332 2569 428 2628; x_wconf 87' lang='grc' dir='ltr'><em>μενον</em></span> <span class='ocrx_word' id='word_1_186' title='bbox 448 2549 588 2629; x_wconf 82' lang='grc' dir='ltr'><em>βραχεῖα</em></span> <span class='ocrx_word' id='word_1_187' title='bbox 608 2545 667 2626; x_wconf 84' lang='grc' dir='ltr'><em>μέν</em></span> <span class='ocrx_word' id='word_1_188' title='bbox 687 2546 755 2610; x_wconf 89' lang='grc' dir='ltr'><em>ἐστι</em></span> <span class='ocrx_word' id='word_1_189' title='bbox 775 2540 944 2632; x_wconf 75' lang='grc' dir='ltr'><em>προσθήκη</em></span> <span class='ocrx_word' id='word_1_190' title='bbox 967 2548 1032 2619; x_wconf 78' lang='grc' dir='ltr'><em>τοῖς</em></span> <span class='ocrx_word' id='word_1_191' title='bbox 1060 2541 1173 2628; x_wconf 84' lang='grc' dir='ltr'><em>λύγοις,</em></span> <span class='ocrx_word' id='word_1_192' title='bbox 1198 2539 1280 2607; x_wconf 81' lang='grc' dir='ltr'><em>ἀλλὰ</em></span> <span class='ocrx_word' id='word_1_193' title='bbox 1301 2541 1392 2608; x_wconf 73' lang='grc' dir='ltr'><em>πάνυ</em></span> <span class='ocrx_word' id='word_1_194' title='bbox 1415 2568 1444 2610; x_wconf 91' lang='grc' dir='ltr'><em>τι</em></span> 
     </span>
     <span class='ocr_line' id='line_1_23' title="bbox 335 2643 1442 2731; baseline 0 -21"><span class='ocrx_word' id='word_1_195' title='bbox 335 2646 466 2731; x_wconf 83' lang='grc' dir='ltr'><em>σφύύρα</em></span> <span class='ocrx_word' id='word_1_196' title='bbox 499 2643 534 2708; x_wconf 87' lang='grc' dir='ltr'><em>τύ</em></span> <span class='ocrx_word' id='word_1_197' title='bbox 567 2647 623 2728; x_wconf 84' lang='grc' dir='ltr'><em>τῆς</em></span> <span class='ocrx_word' id='word_1_198' title='bbox 645 2647 773 2722; x_wconf 81' lang='grc' dir='ltr'><em>’ἐννοίας</em></span> <span class='ocrx_word' id='word_1_199' title='bbox 804 2645 978 2710; x_wconf 74' lang='grc' dir='ltr'><em>ἀκόλαστον</em></span> <span class='ocrx_word' id='word_1_200' title='bbox 1006 2644 1061 2710; x_wconf 84' lang='grc' dir='ltr'><em>καέ</em></span> <span class='ocrx_word' id='word_1_201' title='bbox 1084 2651 1278 2731; x_wconf 77' lang='grc' dir='ltr'><em>φλεγμαῖνον</em></span> <span class='ocrx_word' id='word_1_202' title='bbox 1300 2649 1442 2721; x_wconf 85' lang='grc' dir='ltr'><em>λεαίνει,</em></span> 
     </span>
     <span class='ocr_line' id='line_1_24' title="bbox 334 2743 1442 2832; baseline 0.002 -22"><span class='ocrx_word' id='word_1_203' title='bbox 334 2745 482 2831; x_wconf 78' lang='grc' dir='ltr'><em>καθάπερ</em></span> <span class='ocrx_word' id='word_1_204' title='bbox 503 2743 543 2812; x_wconf 78' lang='grc' dir='ltr'><em>τὰ</em></span> <span class='ocrx_word' id='word_1_205' title='bbox 558 2745 639 2831; x_wconf 81' lang='grc' dir='ltr'><em>τρός</em></span> <span class='ocrx_word' id='word_1_206' title='bbox 658 2748 721 2812; x_wconf 75' lang='grc' dir='ltr'><em>τῶν</em></span> <span class='ocrx_word' id='word_1_207' title='bbox 740 2745 987 2831; x_wconf 79' lang='grc' dir='ltr'><em>Ἀσκληπιαδῶν</em></span> <span class='ocrx_word' id='word_1_208' title='bbox 1007 2754 1072 2823; x_wconf 81' lang='grc' dir='ltr'><em>τοῖς</em></span> <span class='ocrx_word' id='word_1_209' title='bbox 1083 2747 1233 2812; x_wconf 81' lang='grc' dir='ltr'><em>νοσοῦσιν</em></span> <span class='ocrx_word' id='word_1_210' title='bbox 1254 2746 1442 2832; x_wconf 79' lang='grc' dir='ltr'><em>ἐπαγόμενα</em></span> 
     </span>
     <span class='ocr_line' id='line_1_25' title="bbox 336 2845 1440 2934; baseline 0.002 -22"><span class='ocrx_word' id='word_1_211' title='bbox 336 2848 510 2934; x_wconf 84' lang='grc' dir='ltr'><em>φάρμακα·</em></span> <span class='ocrx_word' id='word_1_212' title='bbox 565 2845 622 2912; x_wconf 79' lang='grc' dir='ltr'><em>καὶ</em></span> <span class='ocrx_word' id='word_1_213' title='bbox 640 2848 758 2929; x_wconf 78' lang='grc' dir='ltr'><em>μεσταί</em></span> <span class='ocrx_word' id='word_1_214' title='bbox 787 2847 847 2929; x_wconf 86' lang='grc' dir='ltr'><em>μὲν</em></span> <span class='ocrx_word' id='word_1_215' title='bbox 868 2845 955 2933; x_wconf 80' lang='grc' dir='ltr'><em>ἱεραί</em></span> <span class='ocrx_word' id='word_1_216' title='bbox 975 2847 1037 2913; x_wconf 70' lang='grc' dir='ltr'><em>τοῖν</em></span> <span class='ocrx_word' id='word_1_217' title='bbox 1066 2847 1216 2912; x_wconf 86' lang='grc' dir='ltr'><em>τοιούτων</em></span> <span class='ocrx_word' id='word_1_218' title='bbox 1236 2849 1359 2930; x_wconf 80' lang='grc' dir='ltr'><em>βίβλοι,</em></span> <span class='ocrx_word' id='word_1_219' title='bbox 1381 2873 1440 2934; x_wconf 84' lang='grc' dir='ltr'><em>με-</em></span> 
     </span>
    </p>
   </div>
   <div class='ocr_carea' id='block_1_4' title="bbox 271 3133 1500 4361">
    <p class='ocr_par' dir='ltr' id='par_1_4' title="bbox 271 3133 1500 4361">
     <span class='ocr_line' id='line_1_26' title="bbox 271 3133 1440 3206; baseline 0.002 -20"><span class='ocrx_word' id='word_1_220' title='bbox 271 3174 275 3186; x_wconf 92' lang='grc'>.</span> <span class='ocrx_word' id='word_1_221' title='bbox 333 3137 365 3189; x_wconf 90' lang='lat' dir='ltr'><strong>ad</strong></span> <span class='ocrx_word' id='word_1_222' title='bbox 383 3134 532 3196; x_wconf 75' lang='lat' dir='ltr'><strong>sententies</strong></span> <span class='ocrx_word' id='word_1_223' title='bbox 549 3135 654 3203; x_wconf 82' lang='lat' dir='ltr'><strong>ineptas</strong></span> <span class='ocrx_word' id='word_1_224' title='bbox 674 3143 701 3188; x_wconf 89' lang='lat' dir='ltr'><strong>et</strong></span> <span class='ocrx_word' id='word_1_225' title='bbox 719 3151 736 3188; x_wconf 86' lang='lat' dir='ltr'><strong>a</strong></span> <span class='ocrx_word' id='word_1_226' title='bbox 755 3134 890 3206; x_wconf 81' lang='lat' dir='ltr'><strong>religione</strong></span> <span class='ocrx_word' id='word_1_227' title='bbox 909 3133 1088 3188; x_wconf 86' lang='lat' dir='ltr'><strong>alienissimae</strong></span> <span class='ocrx_word' id='word_1_228' title='bbox 1106 3134 1278 3202; x_wconf 69' lang='lat' dir='ltr'><strong>perducetur,</strong></span> <span class='ocrx_word' id='word_1_229' title='bbox 1299 3143 1327 3187; x_wconf 86' lang='lat' dir='ltr'><strong>et</strong></span> <span class='ocrx_word' id='word_1_230' title='bbox 1339 3136 1372 3188; x_wconf 88' lang='lat' dir='ltr'><strong>ab</strong></span> <span class='ocrx_word' id='word_1_231' title='bbox 1395 3139 1440 3192; x_wconf 89' lang='lat' dir='ltr'><strong>in.</strong></span> 
     </span>
     <span class='ocr_line' id='line_1_27' title="bbox 334 3205 1439 3277; baseline 0.001 -17"><span class='ocrx_word' id='word_1_232' title='bbox 334 3207 505 3277; x_wconf 65' lang='lat' dir='ltr'><em>colligentiae</em></span> <span class='ocrx_word' id='word_1_233' title='bbox 525 3207 625 3260; x_wconf 85' lang='lat' dir='ltr'><strong>lamine</strong></span> <span class='ocrx_word' id='word_1_234' title='bbox 644 3208 831 3272; x_wconf 71' lang='lat' dir='ltr'><em>abhorrentes,</em></span> <span class='ocrx_word' id='word_1_235' title='bbox 850 3207 887 3259; x_wconf 88' lang='lat' dir='ltr'><em>ita</em></span> <span class='ocrx_word' id='word_1_236' title='bbox 905 3215 933 3260; x_wconf 88' lang='lat' dir='ltr'><em>ut</em></span> <span class='ocrx_word' id='word_1_237' title='bbox 954 3205 1129 3258; x_wconf 83' lang='lat' dir='ltr'><strong>uehementer</strong></span> <span class='ocrx_word' id='word_1_238' title='bbox 1148 3205 1213 3257; x_wconf 87' lang='lat' dir='ltr'><strong>mihi</strong></span> <span class='ocrx_word' id='word_1_239' title='bbox 1231 3206 1322 3258; x_wconf 89' lang='lat' dir='ltr'><strong>mirari</strong></span> <span class='ocrx_word' id='word_1_240' title='bbox 1346 3207 1439 3273; x_wconf 84' lang='lat' dir='ltr'><strong>liceat,</strong></span> 
     </span>
     <span class='ocr_line' id='line_1_28' title="bbox 335 3277 1439 3350; baseline 0.001 -18"><span class='ocrx_word' id='word_1_241' title='bbox 335 3295 389 3350; x_wconf 85' lang='lat' dir='ltr'><em>quo</em></span> <span class='ocrx_word' id='word_1_242' title='bbox 408 3279 513 3335; x_wconf 88' lang='lat' dir='ltr'><strong>tandem</strong></span> <span class='ocrx_word' id='word_1_243' title='bbox 532 3281 609 3332; x_wconf 89' lang='lat' dir='ltr'><strong>medo</strong></span> <span class='ocrx_word' id='word_1_244' title='bbox 629 3277 748 3334; x_wconf 77' lang='lat' dir='ltr'><strong>Patauina</strong></span> <span class='ocrx_word' id='word_1_245' title='bbox 766 3280 854 3332; x_wconf 83' lang='lat' dir='ltr'><strong>stetim</strong></span> <span class='ocrx_word' id='word_1_246' title='bbox 873 3277 982 3332; x_wconf 88' lang='lat' dir='ltr'><strong>adtales</strong></span> <span class='ocrx_word' id='word_1_247' title='bbox 1001 3277 1180 3344; x_wconf 83' lang='lat' dir='ltr'><strong>blasphemiae</strong></span> <span class='ocrx_word' id='word_1_248' title='bbox 1190 3280 1358 3344; x_wconf 81' lang='lat' dir='ltr'><strong>pervenerit.</strong></span> <span class='ocrx_word' id='word_1_249' title='bbox 1384 3297 1439 3333; x_wconf 88' lang='lat' dir='ltr'><em>uon</em></span> 
     </span>
     <span class='ocr_line' id='line_1_29' title="bbox 336 3349 1438 3420; baseline 0.001 -17"><span class='ocrx_word' id='word_1_250' title='bbox 336 3351 405 3404; x_wconf 90' lang='lat' dir='ltr'><strong>enim</strong></span> <span class='ocrx_word' id='word_1_251' title='bbox 424 3352 477 3404; x_wconf 88' lang='lat' dir='ltr'><strong>dici</strong></span> <span class='ocrx_word' id='word_1_252' title='bbox 496 3359 618 3420; x_wconf 86' lang='lat' dir='ltr'><strong>tanquam</strong></span> <span class='ocrx_word' id='word_1_253' title='bbox 639 3360 740 3404; x_wconf 87' lang='lat' dir='ltr'><strong>eertum</strong></span> <span class='ocrx_word' id='word_1_254' title='bbox 758 3359 857 3418; x_wconf 81' lang='lat' dir='ltr'><strong>potest,</strong></span> <span class='ocrx_word' id='word_1_255' title='bbox 878 3365 929 3404; x_wconf 89' lang='lat' dir='ltr'><strong>neo</strong></span> <span class='ocrx_word' id='word_1_256' title='bbox 948 3350 1019 3418; x_wconf 89' lang='lat' dir='ltr'><strong>quod</strong></span> <span class='ocrx_word' id='word_1_257' title='bbox 1040 3350 1072 3402; x_wconf 91' lang='lat' dir='ltr'><strong>ad</strong></span> <span class='ocrx_word' id='word_1_258' title='bbox 1091 3349 1283 3402; x_wconf 89' lang='lat' dir='ltr'><strong>subindicatem</strong></span> <span class='ocrx_word' id='word_1_259' title='bbox 1302 3353 1438 3420; x_wconf 83' lang='lat' dir='ltr'><strong>necquod</strong></span> 
     </span>
     <span class='ocr_line' id='line_1_30' title="bbox 334 3420 1438 3490; baseline 0.001 -16"><span class='ocrx_word' id='word_1_260' title='bbox 334 3423 366 3474; x_wconf 89' lang='lat' dir='ltr'><em>sd</em></span> <span class='ocrx_word' id='word_1_261' title='bbox 392 3421 560 3489; x_wconf 75' lang='lat' dir='ltr'><strong>subrepentem</strong></span> <span class='ocrx_word' id='word_1_262' title='bbox 589 3423 714 3474; x_wconf 86' lang='lat' dir='ltr'><strong>deitatem</strong></span> <span class='ocrx_word' id='word_1_263' title='bbox 732 3423 864 3490; x_wconf 78' lang='lat' dir='ltr'><strong>pertinet.</strong></span> <span class='ocrx_word' id='word_1_264' title='bbox 891 3422 998 3476; x_wconf 86' lang='lat' dir='ltr'><strong>deitatis</strong></span> <span class='ocrx_word' id='word_1_265' title='bbox 1026 3421 1225 3488; x_wconf 74' lang='lat' dir='ltr'><strong>intelligentiae</strong></span> <span class='ocrx_word' id='word_1_266' title='bbox 1247 3420 1335 3482; x_wconf 85' lang='lat' dir='ltr'><strong>lucem</strong></span> <span class='ocrx_word' id='word_1_267' title='bbox 1361 3423 1438 3474; x_wconf 86' lang='lat' dir='ltr'><strong>iliam</strong></span> 
     </span>
     <span class='ocr_line' id='line_1_31' title="bbox 335 3491 1500 3560; baseline -0.002 -14"><span class='ocrx_word' id='word_1_268' title='bbox 335 3496 431 3552; x_wconf 79' lang='lat' dir='ltr'><strong>tactem</strong></span> <span class='ocrx_word' id='word_1_269' title='bbox 456 3509 526 3546; x_wconf 86' lang='lat' dir='ltr'><strong>esee.</strong></span> <span class='ocrx_word' id='word_1_270' title='bbox 545 3493 640 3546; x_wconf 79' lang='lat' dir='ltr'><strong>relicta</strong></span> <span class='ocrx_word' id='word_1_271' title='bbox 661 3491 729 3545; x_wconf 85' lang='lat' dir='ltr'><strong>enim</strong></span> <span class='ocrx_word' id='word_1_272' title='bbox 749 3494 950 3560; x_wconf 71' lang='lat' dir='ltr'><strong>praepositione</strong></span> <span class='ocrx_word' id='word_1_273' title='bbox 972 3492 1061 3544; x_wconf 80' lang='lat' dir='ltr'><strong>“sub&#39;&#39;</strong></span> <span class='ocrx_word' id='word_1_274' title='bbox 1083 3500 1110 3544; x_wconf 88' lang='lat' dir='ltr'><strong>et</strong></span> <span class='ocrx_word' id='word_1_275' title='bbox 1129 3491 1231 3546; x_wconf 87' lang='lat' dir='ltr'><strong>relictis</strong></span> <span class='ocrx_word' id='word_1_276' title='bbox 1258 3491 1438 3546; x_wconf 80' lang='lat' dir='ltr'><strong>“subindica.</strong></span> <span class='ocrx_word' id='word_1_277' title='bbox 1499 3551 1500 3554; x_wconf 8' lang='grc' dir='ltr'><strong>Ἴ</strong></span> 
     </span>
     <span class='ocr_line' id='line_1_32' title="bbox 335 3562 1437 3634; baseline -0.004 -16"><span class='ocrx_word' id='word_1_278' title='bbox 335 3566 376 3618; x_wconf 84' lang='lat' dir='ltr'><strong>vit</strong></span> <span class='ocrx_word' id='word_1_279' title='bbox 396 3571 424 3617; x_wconf 87' lang='lat' dir='ltr'><strong>et</strong></span> <span class='ocrx_word' id='word_1_280' title='bbox 444 3564 618 3634; x_wconf 81' lang='lat' dir='ltr'><strong>subaperuit&#39;’</strong></span> <span class='ocrx_word' id='word_1_281' title='bbox 640 3573 666 3616; x_wconf 90' lang='lat' dir='ltr'><strong>et</strong></span> <span class='ocrx_word' id='word_1_282' title='bbox 687 3579 755 3631; x_wconf 88' lang='lat' dir='ltr'><strong>qnae</strong></span> <span class='ocrx_word' id='word_1_283' title='bbox 774 3573 836 3616; x_wconf 88' lang='lat' dir='ltr'><strong>enat</strong></span> <span class='ocrx_word' id='word_1_284' title='bbox 854 3565 969 3629; x_wconf 82' lang='lat' dir='ltr'><strong>similia,</strong></span> <span class='ocrx_word' id='word_1_285' title='bbox 991 3562 1102 3616; x_wconf 86' lang='lat' dir='ltr'><strong>heberet</strong></span> <span class='ocrx_word' id='word_1_286' title='bbox 1123 3571 1149 3616; x_wconf 91' lang='lat' dir='ltr'><strong>et</strong></span> <span class='ocrx_word' id='word_1_287' title='bbox 1168 3563 1225 3632; x_wconf 75' lang='lat' dir='ltr'><strong>ipae</strong></span> <span class='ocrx_word' id='word_1_288' title='bbox 1246 3571 1272 3614; x_wconf 86' lang='lat' dir='ltr'><strong>et</strong></span> <span class='ocrx_word' id='word_1_289' title='bbox 1293 3565 1437 3618; x_wconf 83' lang='lat' dir='ltr'><strong>iconoma.</strong></span> 
     </span>
     <span class='ocr_line' id='line_1_33' title="bbox 337 3634 1437 3700; baseline 0.003 -13"><span class='ocrx_word' id='word_1_290' title='bbox 337 3635 446 3688; x_wconf 84' lang='lat' dir='ltr'><strong>chorum</strong></span> <span class='ocrx_word' id='word_1_291' title='bbox 469 3635 581 3700; x_wconf 78' lang='lat' dir='ltr'><strong>tertiam,</strong></span> <span class='ocrx_word' id='word_1_292' title='bbox 601 3637 651 3687; x_wconf 88' lang='lat' dir='ltr'><strong>etsi</strong></span> <span class='ocrx_word' id='word_1_293' title='bbox 669 3637 838 3698; x_wconf 88' lang='lat' dir='ltr'><strong>uoninstam,</strong></span> <span class='ocrx_word' id='word_1_294' title='bbox 858 3644 945 3686; x_wconf 89' lang='lat' dir='ltr'><strong>tamen</strong></span> <span class='ocrx_word' id='word_1_295' title='bbox 967 3634 1193 3691; x_wconf 79' lang='lat' dir='ltr'><strong>haberetceusam</strong></span> <span class='ocrx_word' id='word_1_296' title='bbox 1208 3635 1437 3690; x_wconf 87' lang='lat' dir='ltr'><strong>huiusmodihae.</strong></span> 
     </span>
     <span class='ocr_line' id='line_1_34' title="bbox 336 3705 1436 3773; baseline 0.002 -13"><span class='ocrx_word' id='word_1_297' title='bbox 336 3722 441 3761; x_wconf 92' lang='lat' dir='ltr'><strong>reeeos.</strong></span> <span class='ocrx_word' id='word_1_298' title='bbox 477 3723 549 3762; x_wconf 88' lang='lat' dir='ltr'><strong>nunc</strong></span> <span class='ocrx_word' id='word_1_299' title='bbox 569 3722 635 3759; x_wconf 85' lang='lat' dir='ltr'><strong>vero</strong></span> <span class='ocrx_word' id='word_1_300' title='bbox 653 3706 729 3759; x_wconf 85' lang='lat' dir='ltr'><strong>nnita</strong></span> <span class='ocrx_word' id='word_1_301' title='bbox 750 3714 874 3773; x_wconf 79' lang='lat' dir='ltr'><strong>superest</strong></span> <span class='ocrx_word' id='word_1_302' title='bbox 893 3721 991 3770; x_wconf 83' lang='lat' dir='ltr'><strong>ceuse3</strong></span> <span class='ocrx_word' id='word_1_303' title='bbox 1020 3705 1183 3758; x_wconf 87' lang='lat' dir='ltr'><strong>locutionum</strong></span> <span class='ocrx_word' id='word_1_304' title='bbox 1210 3707 1279 3758; x_wconf 89' lang='lat' dir='ltr'><strong>enim</strong></span> <span class='ocrx_word' id='word_1_305' title='bbox 1303 3709 1436 3762; x_wconf 84' lang='lat' dir='ltr'><strong>rationem</strong></span> 
     </span>
     <span class='ocr_line' id='line_1_35' title="bbox 335 3777 1436 3845; baseline 0.002 -15"><span class='ocrx_word' id='word_1_306' title='bbox 335 3782 422 3832; x_wconf 89' lang='lat' dir='ltr'><strong>secuti</strong></span> <span class='ocrx_word' id='word_1_307' title='bbox 441 3779 527 3832; x_wconf 77' lang='lat' dir='ltr'><strong>diuini</strong></span> <span class='ocrx_word' id='word_1_308' title='bbox 547 3778 683 3831; x_wconf 85' lang='lat' dir='ltr'><strong>eeclesiae</strong></span> <span class='ocrx_word' id='word_1_309' title='bbox 702 3787 791 3845; x_wconf 83' lang='lat' dir='ltr'><strong>patres</strong></span> <span class='ocrx_word' id='word_1_310' title='bbox 805 3777 838 3830; x_wconf 93' lang='lat' dir='ltr'><strong>ad</strong></span> <span class='ocrx_word' id='word_1_311' title='bbox 859 3778 988 3832; x_wconf 85' lang='lat' dir='ltr'><strong>eiusmodi</strong></span> <span class='ocrx_word' id='word_1_312' title='bbox 1008 3779 1191 3830; x_wconf 82' lang='lat' dir='ltr'><strong>venerationis</strong></span> <span class='ocrx_word' id='word_1_313' title='bbox 1210 3777 1436 3832; x_wconf 85' lang='lat' dir='ltr'><strong>inanientissimee</strong></span> 
     </span>
     <span class='ocr_line' id='line_1_36' title="bbox 334 3848 1437 3916; baseline -0.003 -15"><span class='ocrx_word' id='word_1_314' title='bbox 334 3850 482 3901; x_wconf 87' lang='lat' dir='ltr'><strong>sententias</strong></span> <span class='ocrx_word' id='word_1_315' title='bbox 504 3857 531 3900; x_wconf 91' lang='lat' dir='ltr'><strong>et</strong></span> <span class='ocrx_word' id='word_1_316' title='bbox 549 3852 600 3916; x_wconf 86' lang='lat' dir='ltr'><strong>ipsi</strong></span> <span class='ocrx_word' id='word_1_317' title='bbox 622 3848 753 3901; x_wconf 87' lang='lat' dir='ltr'><strong>inclinant</strong></span> <span class='ocrx_word' id='word_1_318' title='bbox 771 3858 799 3902; x_wconf 88' lang='lat' dir='ltr'><strong>et</strong></span> <span class='ocrx_word' id='word_1_319' title='bbox 817 3863 866 3900; x_wconf 88' lang='lat' dir='ltr'><em>uos</em></span> <span class='ocrx_word' id='word_1_320' title='bbox 885 3849 1069 3902; x_wconf 74' lang='lat' dir='ltr'><strong>adhortentur.</strong></span> <span class='ocrx_word' id='word_1_321' title='bbox 1106 3865 1164 3901; x_wconf 91' lang='lat' dir='ltr'><strong>uam</strong></span> <span class='ocrx_word' id='word_1_322' title='bbox 1177 3849 1306 3900; x_wconf 78' lang='lat' dir='ltr'><strong>Graeciae</strong></span> <span class='ocrx_word' id='word_1_323' title='bbox 1323 3852 1437 3916; x_wconf 83' lang='lat' dir='ltr'><strong>sapien.</strong></span> 
     </span>
     <span class='ocr_line' id='line_1_37' title="bbox 333 3919 1436 3988; baseline 0 -18"><span class='ocrx_word' id='word_1_324' title='bbox 333 3919 388 3970; x_wconf 87' lang='lat' dir='ltr'><strong>tiae</strong></span> <span class='ocrx_word' id='word_1_325' title='bbox 408 3926 435 3970; x_wconf 91' lang='lat' dir='ltr'><strong>et</strong></span> <span class='ocrx_word' id='word_1_326' title='bbox 452 3920 582 3972; x_wconf 85' lang='lat' dir='ltr'><strong>scientiae</strong></span> <span class='ocrx_word' id='word_1_327' title='bbox 600 3921 756 3972; x_wconf 82' lang='lat' dir='ltr'><strong>inventores</strong></span> <span class='ocrx_word' id='word_1_328' title='bbox 777 3928 884 3988; x_wconf 86' lang='lat' dir='ltr'><strong>praeter</strong></span> <span class='ocrx_word' id='word_1_329' title='bbox 902 3920 956 3972; x_wconf 89' lang='lat' dir='ltr'><strong>alia</strong></span> <span class='ocrx_word' id='word_1_330' title='bbox 975 3923 1052 3973; x_wconf 89' lang='lat' dir='ltr'><strong>etiem</strong></span> <span class='ocrx_word' id='word_1_331' title='bbox 1073 3919 1182 3972; x_wconf 87' lang='lat' dir='ltr'><strong>brevem</strong></span> <span class='ocrx_word' id='word_1_332' title='bbox 1199 3920 1327 3971; x_wconf 77' lang='lat' dir='ltr'><strong>eiusmodi</strong></span> <span class='ocrx_word' id='word_1_333' title='bbox 1349 3937 1436 3974; x_wconf 82' lang='lat' dir='ltr'><strong>voca.</strong></span> 
     </span>
     <span class='ocr_line' id='line_1_38' title="bbox 333 3989 1437 4062; baseline 0.004 -22"><span class='ocrx_word' id='word_1_334' title='bbox 333 3989 457 4042; x_wconf 87' lang='lat' dir='ltr'><strong>buterum</strong></span> <span class='ocrx_word' id='word_1_335' title='bbox 486 3993 797 4058; x_wconf 70' lang='lat' dir='ltr'><strong>venerationemreeee,</strong></span> <span class='ocrx_word' id='word_1_336' title='bbox 825 4007 851 4044; x_wconf 81' lang='lat' dir='ltr'><em>v.</em></span> <span class='ocrx_word' id='word_1_337' title='bbox 876 4008 903 4062; x_wconf 89' lang='lat' dir='ltr'><em>g.</em></span> <span class='ocrx_word' id='word_1_338' title='bbox 930 3991 997 4044; x_wconf 90' lang='lat' dir='ltr'><strong>illud</strong></span> <span class='ocrx_word' id='word_1_339' title='bbox 1026 3992 1124 4044; x_wconf 82' lang='lat' dir='ltr'><strong>“iere”</strong></span> <span class='ocrx_word' id='word_1_340' title='bbox 1156 3999 1202 4043; x_wconf 84' lang='lat' dir='ltr'><strong>eut</strong></span> <span class='ocrx_word' id='word_1_341' title='bbox 1224 3991 1383 4044; x_wconf 78' lang='lat' dir='ltr'><strong>“fortasse”</strong></span> <span class='ocrx_word' id='word_1_342' title='bbox 1411 4001 1437 4044; x_wconf 87' lang='lat' dir='ltr'><strong>et</strong></span> 
     </span>
     <span class='ocr_line' id='line_1_39' title="bbox 334 4061 1435 4133; baseline 0.004 -22"><span class='ocrx_word' id='word_1_343' title='bbox 334 4075 510 4133; x_wconf 82' lang='lat' dir='ltr'><strong>quaeeunque</strong></span> <span class='ocrx_word' id='word_1_344' title='bbox 528 4062 689 4116; x_wconf 85' lang='lat' dir='ltr'><strong>adiectionis</strong></span> <span class='ocrx_word' id='word_1_345' title='bbox 701 4065 793 4115; x_wconf 81' lang='lat' dir='ltr'><strong>verine</strong></span> <span class='ocrx_word' id='word_1_346' title='bbox 806 4069 833 4114; x_wconf 88' lang='lat' dir='ltr'><strong>et</strong></span> <span class='ocrx_word' id='word_1_347' title='bbox 848 4063 971 4116; x_wconf 84' lang='lat' dir='ltr'><strong>diversae</strong></span> <span class='ocrx_word' id='word_1_348' title='bbox 983 4063 1150 4116; x_wconf 74' lang='lat' dir='ltr'><strong>sermonibus</strong></span> <span class='ocrx_word' id='word_1_349' title='bbox 1160 4061 1330 4115; x_wconf 85' lang='lat' dir='ltr'><strong>adhibentur.</strong></span> <span class='ocrx_word' id='word_1_350' title='bbox 1369 4063 1435 4116; x_wconf 83' lang='lat' dir='ltr'><strong>bre-</strong></span> 
     </span>
     <span class='ocr_line' id='line_1_40' title="bbox 332 4132 1434 4202; baseline 0.003 -19"><span class='ocrx_word' id='word_1_351' title='bbox 332 4145 381 4183; x_wconf 82' lang='lat' dir='ltr'><strong>ves</strong></span> <span class='ocrx_word' id='word_1_352' title='bbox 399 4132 504 4200; x_wconf 85' lang='lat' dir='ltr'><strong>quidem</strong></span> <span class='ocrx_word' id='word_1_353' title='bbox 524 4133 691 4186; x_wconf 86' lang='lat' dir='ltr'><strong>adiectiones</strong></span> <span class='ocrx_word' id='word_1_354' title='bbox 713 4133 842 4186; x_wconf 87' lang='lat' dir='ltr'><strong>orationis</strong></span> <span class='ocrx_word' id='word_1_355' title='bbox 861 4144 937 4198; x_wconf 89' lang='lat' dir='ltr'><strong>suut,</strong></span> <span class='ocrx_word' id='word_1_356' title='bbox 959 4136 1007 4188; x_wconf 87' lang='lat' dir='ltr'><strong>sed</strong></span> <span class='ocrx_word' id='word_1_357' title='bbox 1026 4136 1179 4202; x_wconf 84' lang='lat' dir='ltr'><strong>graviorem</strong></span> <span class='ocrx_word' id='word_1_358' title='bbox 1192 4142 1218 4186; x_wconf 88' lang='lat' dir='ltr'><strong>et</strong></span> <span class='ocrx_word' id='word_1_359' title='bbox 1229 4134 1434 4186; x_wconf 86' lang='lat' dir='ltr'><strong>insolentiorem</strong></span> 
     </span>
     <span class='ocr_line' id='line_1_41' title="bbox 331 4202 1436 4274; baseline 0.003 -20"><span class='ocrx_word' id='word_1_360' title='bbox 331 4204 489 4256; x_wconf 82' lang='lat' dir='ltr'><strong>seutentiam</strong></span> <span class='ocrx_word' id='word_1_361' title='bbox 508 4202 586 4256; x_wconf 83' lang='lat' dir='ltr'><strong>vaide</strong></span> <span class='ocrx_word' id='word_1_362' title='bbox 600 4206 732 4272; x_wconf 83' lang='lat' dir='ltr'><strong>mitigent,</strong></span> <span class='ocrx_word' id='word_1_363' title='bbox 743 4205 959 4272; x_wconf 82' lang='lat' dir='ltr'><strong>quemadmodum</strong></span> <span class='ocrx_word' id='word_1_364' title='bbox 975 4207 1008 4258; x_wconf 91' lang='lat' dir='ltr'><strong>ab</strong></span> <span class='ocrx_word' id='word_1_365' title='bbox 1017 4206 1185 4274; x_wconf 80' lang='lat' dir='ltr'><strong>Asclepiadis</strong></span> <span class='ocrx_word' id='word_1_366' title='bbox 1202 4207 1292 4271; x_wconf 80' lang='lat' dir='ltr'><strong>aegris</strong></span> <span class='ocrx_word' id='word_1_367' title='bbox 1302 4206 1436 4260; x_wconf 79' lang='lat' dir='ltr'><strong>adhibere.</strong></span> 
     </span>
     <span class='ocr_line' id='line_1_42' title="bbox 332 4271 1436 4361; baseline 0 -35"><span class='ocrx_word' id='word_1_368' title='bbox 332 4280 375 4326; x_wconf 84' lang='lat' dir='ltr'><em>tur</em></span> <span class='ocrx_word' id='word_1_369' title='bbox 396 4271 553 4330; x_wconf 76' lang='lat' dir='ltr'><strong>medicinae.</strong></span> <span class='ocrx_word' id='word_1_370' title='bbox 592 4281 619 4328; x_wconf 87' lang='lat' dir='ltr'><strong>et</strong></span> <span class='ocrx_word' id='word_1_371' title='bbox 636 4274 711 4342; x_wconf 76' lang='lat' dir='ltr'><strong>gleni</strong></span> <span class='ocrx_word' id='word_1_372' title='bbox 732 4277 863 4332; x_wconf 84' lang='lat' dir='ltr'><strong>eiusmodi</strong></span> <span class='ocrx_word' id='word_1_373' title='bbox 883 4278 1076 4361; x_wconf 69' lang='lat' dir='ltr'><strong>gooabntarum</strong></span> <span class='ocrx_word' id='word_1_374' title='bbox 1094 4279 1164 4333; x_wconf 85' lang='lat' dir='ltr'><strong>seori</strong></span> <span class='ocrx_word' id='word_1_375' title='bbox 1184 4278 1269 4342; x_wconf 82' lang='lat' dir='ltr'><strong>libri,</strong></span> <span class='ocrx_word' id='word_1_376' title='bbox 1286 4276 1364 4344; x_wconf 82' lang='lat' dir='ltr'><strong>pleni</strong></span> <span class='ocrx_word' id='word_1_377' title='bbox 1382 4280 1436 4332; x_wconf 77' lang='lat' dir='ltr'><strong>Aa.</strong></span> 
     </span>
    </p>
   </div>
   <div class='ocr_carea' id='block_1_5' title="bbox 0 0 1596 5100">
    <p class='ocr_par' dir='ltr' id='par_1_5' title="bbox 0 0 1596 5100">
     <span class='ocr_line' id='line_1_43' title="bbox 0 0 1596 5100; baseline 0 1"><span class='ocrx_word' id='word_1_378' title='bbox 0 0 1596 5100; x_wconf 95' lang='lat' dir='ltr'><em> </em></span> 
     </span>
    </p>
   </div>
  </div>
 </body>
</html>
