3184 5100
227 412 447 485 nrsronmn
469 350 732 483 summumne
749 414 844 480 xxx.
872 399 1038 483 tta-s
1053 400 1119 483 te.
1179 402 1252 486 ota
1287 375 1291 386 ’

155 584 211 645 καί
236 576 385 663 δπορρσόξ
416 578 550 661 ε’ρινόων
584 577 684 663 φόναι
711 575 768 659 τῆν
802 577 929 661 γυιόμητ
961 583 1146 645 καθίστατο.
1200 577 1347 645 debu}

156 676 227 746 σότε
251 680 388 755 ἐκείνους
413 679 543 755 όθοόους
576 678 716 764 ἔφασκον
744 672 834 757 ἄξιον
861 680 967 759 μένειν
996 683 1051 764 τῆς
1074 683 1252 766 καταδίκης,

156 785 277 855 αἰτίους
297 782 355 861 μὲν
378 781 463 867 αὐτῷ
482 783 538 863 τῆς
563 784 594 857 ἐς
616 776 670 843 τόν
692 785 763 862 deos
780 782 967 862 γενομὲνους
988 785 1177 865 παραγωγῆς
1199 785 1254 847 αδ·
1350 841 1356 852 ,

154 886 240 955 τίους
263 884 297 945 δὲ
317 882 374 945 τοῦ
397 884 452 964 τῆς
474 882 637 963 ἐκκλησίας
668 884 712 973 δι’Χ
730 876 826 945 αότόν
857 884 1032 964 χειμῶνος,
1068 877 1131 947 οὔτ’
1154 882 1255 949 ου’τόν

125 982 251 1047 doridis
287 984 487 1064 ἐξαιρεῖσθαι
527 985 583 1065 τῆς
610 981 802 1067 καταδίκης,
836 976 1056 1063 μεσιτεόοντος
1085 982 1163 1060 ἴσως
1196 985 1255 1049 τοῦ

156 1081 339 1166 α’βαυλῆτου
358 1078 410 1145 διό
433 1082 489 1158 τοὶς
505 1078 718 1167 σπερματικὰς
741 1086 774 1146 ἐκ
790 1086 940 1165 γενέσεως
954 1083 1060 1167 δρχάς
1073 1086 1127 1149 κατ’
1144 1084 1255 1167 βιαίας

156 1172 309 1262 δυνάμεις
331 1184 384 1265 τῆς
406 1186 559 1265 πατρικῆς
582 1186 749 1268 πονηρίας,
780 1185 927 1262 ζιζανίων
958 1186 1047 1267 δίκην
1090 1185 1254 1266 ε’ρανιθεί-

154 1305 214 1353 σας
236 1283 357 1345 ἐκεῖθεν
378 1282 432 1345 καί
458 1286 773 1367 προκαταβληθείσας
807 1282 907 1359 εὐθὺς
940 1285 999 1368 ἀφ’
1029 1276 1135 1358 ἑστίας
1160 1263 1254 1371 ἐνίτῆ

155 1378 316 1449 συστάσει.
369 1382 439 1445 ἀλλ’
459 1378 620 1465 ἑκατέροις
652 1377 798 1465 ἑκάτεροι
819 1387 881 1446 τῶν
902 1384 991 1465 α’ροῖν
1013 1384 1068 1447 καί
1087 1384 1255 1464 λοιδοριῶν

110 1493 144 1547 10
156 1478 387 1563 κοινωνῆοσυσί
402 1506 455 1564 τε,
489 1482 543 1546 καί
566 1476 707 1571 ὀστράκῳ
738 1482 923 1547 δουλεύσειν
951 1485 1152 1568 α’μφοτέρσυς
1174 1479 1257 1563 (iperi
1266 1492 1286 1545 i.
1303 1489 1353 1549 155
1362 1506 1387 1545 τ.

154 1586 200 1667 spi
224 1582 311 1671 αότηῖ
334 1593 541 1663 συμπεσεῖται
556 1580 570 1664 ,’
585 1592 649 1660 τοῖς
672 1586 734 1664 μὲν
756 1584 799 1657 ὥς
827 1582 962 1665 πονηρόν
987 1587 1183 1667 ἐξενεγκοόσι
1205 1586 1259 1647 καί

152 1684 298 1763 θρέψασι
324 1680 412 1747 τόκον
432 1687 474 1770 τῷ
495 1685 576 1773 βίην,
598 1686 650 1747 καί
672 1685 740 1746 ου’κ·
766 1686 812 1762 εἰς
837 1688 1031 1768 Κιθαιρῶνα
1062 1682 1119 1748 καί
1138 1684 1259 1767 Χάρυ-

152 1783 238 1864 βδιν,
259 1781 314 1846 καί
324 1777 426 1847 εἴποό
441 1808 489 1859 τις
509 1782 542 1850 ἐκ
557 1788 701 1870 μηχανῆς
725 1783 904 1868 καινότερος
920 1782 1100 1866 ἐταμιεόετο
1123 1783 1259 1860 θάνατος

154 1884 393 1968 ἕνγαρόδραις
422 1888 476 1951 καί
499 1887 618 1967 κόμασε
650 1887 707 1969 γῆς
734 1884 788 1951 καί
809 1886 981 1971 θαλάττης,
1003 1885 1140 1967 ῥίψασιν
1163 1884 1257 1951 ἔκθε-
1365 1908 1369 1916 “

110 1997 143 2051 15
154 2007 218 2067 τοι,
241 1982 345 2060 ια’θός
364 1983 495 2069 ἐκραγὲν
509 1990 563 2069 τῆς
579 1986 702 2051 α’τόπου
716 1983 864 2071 γαστρός,
885 1990 929 2076 τῷ
951 1990 987 2051 δὲ
1002 1985 1044 2062 ὥς
1060 1976 1134 2070 μήτ’Ι
1155 1988 1257 2068 ddcd-

155 2092 248 2167 λητον
272 2083 328 2169 τῆν
352 2088 479 2153 ἐκείνων
500 2092 701 2176 ποιησαμένῳ
724 2092 846 2169 κακίαν,
870 2082 926 2160 ὅτε
948 2085 1043 2170 λόγου
1062 2089 1256 2171 μετασχόντι

151 2187 208 2249 καί
227 2188 374 2265 παιδείας
399 2188 568 2270 ὁπωσοῦν,
599 2180 634 2273 ῆς
654 2198 799 2271 μετεῖναι
820 2198 884 2267 τοῖς
906 2192 1053 2273 γονεῦσιν
1075 2190 1116 2251 ου’
1129 2192 1256 2271 συμπί-

84 2294 89 2318 “
152 2312 269 2369 πτωκε,
288 2287 367 2372 μῆτε
380 2293 480 2376 μηδὲν
497 2294 725 2373 ἐπιεικέστερον
739 2290 867 2369 ου’δενδς
881 2294 1070 2370 διατεθέντι,
1092 2288 1126 2355 εἴ
1133 2316 1181 2367 τις
1193 2318 1257 2357 πα-

151 2390 337 2473 ραπλησίως
354 2382 627 2473 ’όκείνοιςδνόσεη
645 2396 727 2478 μηδὲ
750 2395 842 2481 κωφῇ
871 2397 946 2476 γαόν
971 2394 1077 2480 σιωπῇ
1096 2391 1131 2457 τό
1155 2392 1252 2458 κακόν

108 2487 364 2571 γοπεριθόλτιιιν
387 2496 621 2582 βεβουλημένιρ,
647 2492 728 2560 dati
741 2499 849 2582 solip]
866 2497 909 2584 τῷ
927 2495 1034 2581 μέτρῳ
1055 2497 1258 2578 μοχθηροτέ-

154 2616 224 2676 ρσις
247 2589 285 2676 δῆ
322 2618 386 2658 τισι
420 2593 476 2658 καί
505 2593 631 2680 σφόδρα
655 2595 802 2662 α’ναιδέσι
832 2602 993 2679 λογισμοῖς
1013 2593 1256 2678 παραδεδωκότι
1361 2617 1368 2623 ’

151 2688 213 2774 τῆν
232 2695 286 2775 τῆς
316 2685 443 2779 γνόόμης
474 2695 654 2779 ῆγεμονίαν.
707 2701 762 2761 καί
788 2705 896 2771 κακοῖς
929 2692 1009 2760 κακοὶ
1041 2696 1350 2779 παραμίξαντιΙΙΟ

152 2784 220 2877 ῆθη
241 2793 296 2858 καί
326 2792 468 2878 δόγματα
500 2806 635 2882 μακροῖς
668 2801 733 2862 τισί
754 2794 947 2883 διαστῆμασι
970 2795 1027 2881 τῆν
1048 2819 1083 2860 τε
1105 2793 1256 2883 πατρῴαν

155 3123 333 3177 constitueret
368 3132 499 3190 mentem,
533 3132 563 3176 ut
591 3125 726 3178 diceretur
750 3125 878 3177 furiarum
910 3138 1041 3193 propago.
1084 3122 1255 3191 quamobrem

156 3195 361 3259 contendebant,
382 3212 470 3266 neque
489 3196 552 3248 illos
570 3195 670 3248 liberos
692 3212 751 3248 esse
768 3197 868 3248 debere
887 3196 1118 3257 condemnatione,
1139 3196 1184 3263 qui
1204 3211 1254 3247 nu.

157 3275 246 3318 otores
266 3266 380 3320 luissent
400 3269 457 3318 eius
476 3269 548 3320 vitae
567 3268 699 3336 simulque
718 3269 884 3334 tempestatis
902 3283 951 3334 per
971 3273 1142 3318 cumcontra
1161 3265 1254 3317 eccle.

156 3340 221 3392 siam
242 3347 366 3404 exortae,
386 3355 474 3406 neque
494 3340 635 3408 quidquam
662 3339 739 3390 illum
765 3340 987 3392 condemnatione
1013 3338 1147 3400 eximere,
1177 3339 1253 3404 quasi

155 3409 257 3460 invitus
278 3417 386 3461 coactus
406 3419 477 3462 essct
495 3419 605 3478 propter
623 3412 731 3463 seminis
755 3411 810 3462 nati
831 3412 967 3479 origines,
987 3418 1014 3461 ct
1032 3415 1161 3477 cogentes
1180 3409 1254 3459 vires

155 3481 296 3548 pravitatis
325 3489 452 3548 paternae
473 3481 532 3534 lolii
551 3485 635 3534 instar
654 3490 820 3549 comparatas
838 3483 901 3534 inde
920 3489 947 3532 et
964 3482 1052 3533 statim
1070 3482 1098 3530 in
1118 3480 1177 3545 ipsa
1195 3480 1253 3530 ori.

156 3553 220 3620 gine
239 3553 366 3604 deiectas.
396 3554 442 3605 sed
462 3562 575 3622 uterque
595 3570 653 3605 cum
671 3561 787 3622 utroque
797 3554 989 3606 detestationes
1008 3560 1034 3603 et
1044 3552 1167 3602 convicia
1178 3557 1253 3601 com-
1346 3577 1353 3592 ·

154 3623 302 3675 manicabit
325 3633 351 3675 et
371 3625 476 3677 accidet
500 3633 530 3676 nt
556 3634 669 3694 uterque
689 3625 767 3678 simul
795 3626 880 3677 eidem
899 3625 998 3676 iudicio
1018 3623 1191 3676 subiiciaturr
1212 3620 1253 3672 illi

156 3695 228 3763 quod
247 3697 419 3764 propaginem
440 3713 547 3764 pravam
568 3699 596 3749 in
614 3699 696 3750 vitam
714 3696 892 3764 protulissent
911 3704 937 3747 et
956 3696 1147 3746 enutrivissent
1164 3708 1254 3760 neque

156 3767 184 3816 in
204 3766 366 3820 Cithaerone
385 3777 412 3819 et
429 3769 580 3834 Charybdin
600 3768 630 3821 a'c
649 3770 672 3820 si
691 3783 743 3837 qua
761 3770 846 3837 magis
863 3783 936 3820 nova
954 3768 1063 3818 inventa
1083 3771 1155 3816 esset
1182 3778 1253 3816 mors

155 3837 184 3888 in
203 3839 378 3907 voraginibus
410 3847 438 3890 et
456 3840 580 3892 fluctibns
599 3848 687 3892 terrae
714 3847 740 3891 et
758 3842 837 3892 maris
857 3841 944 3892 statim
970 3838 1132 3889 deiecissent
1150 3834 1253 3887 illude

155 3917 253 3960 ventre
274 3911 366 3976 inepto
386 3920 556 3978 proruptum:
576 3911 620 3962 hie
639 3919 726 3962 sutem
746 3912 817 3979 qued
835 3927 924 3978 neque
942 3910 1043 3961 invitus
1063 3907 1170 3960 illorum
1189 3923 1268 3974 pra.-

155 3981 265 4032 vitatem
288 3991 417 4048 sequutus
438 3991 526 4046 esset,
552 3999 610 4034 cum
629 3983 742 4034 rationis
768 3990 840 4034 esset
866 3982 1000 4048 particeps
1027 3988 1054 4031 et
1078 3979 1252 4042 educationis,

156 4067 226 4119 qnae
253 4054 408 4118 parentibus
433 4069 488 4105 non
522 4055 697 4122 contigisset,
723 4069 812 4121 neque
836 4051 924 4104 nihilo
951 4051 1048 4103 melius
1079 4051 1254 4117 disposuisset

155 4124 276 4190 quamsi
307 4125 366 4192 quis
403 4124 463 4199 illis(
483 4125 607 4178 similiter
630 4132 797 4192 aegrotaret,
822 4140 911 4192 neque
939 4122 1048 4176 silentio
1066 4130 1139 4173 muto
1157 4121 1254 4173 melam

156 4194 253 4246 lovere
271 4194 406 4247 voluisset
426 4198 473 4248 scd
492 4197 575 4248 multo
597 4195 784 4258 miserioribus
806 4204 834 4247 et
852 4195 931 4248 valde
948 4193 1143 4262 impudentibus
1162 4193 1254 4244 consi-

156 4265 202 4316 liis
227 4263 377 4318 voluntatis
408 4269 584 4334 principatum
609 4267 780 4336 prodidisset.
819 4275 846 4319 et
881 4267 978 4319 accidit
1002 4265 1062 4333 itii,
1094 4279 1152 4316 cnm
1177 4262 1254 4314 malis

154 4335 244 4390 melas
263 4337 426 4390 admisceret
452 4339 556 4392 indoles
582 4347 609 4392 et
620 4341 770 4414 ⁸sententias
795 4346 826 4390 nt
842 4337 932 4408 longis
949 4336 1101 4391 intervallis
1119 4343 1253 4402 paternam
