3184 5100
333 397 405 482 tut
638 414 865 484 arcaraoar
894 415 1129 484 oarooaaa

330 599 424 660 μενον
445 579 503 646 τοῦ
524 579 612 658 θεοῦ,
633 571 699 644 κόν·
714 581 838 664 φαῦλον
866 571 949 644 εέναι
971 580 1071 668 δοκῇ,
1103 574 1231 644 πόντων
1250 575 1337 646 έοτόν
1361 571 1437 663 όρι-

330 701 420 746 υτον·
464 676 501 743 τό
527 682 562 745 δέ
585 676 671 762 τιαρδ
692 677 820 764 γνοόμην
844 679 899 746 καὶ
928 679 973 764 μη
996 683 1110 744 δοκοῦν
1130 683 1256 771 ἐκείνη,
1279 675 1338 746 κόν
1359 674 1436 765 όρι-

330 805 404 850 στον
426 776 509 848 εἶναι
529 783 693 866 νομίζηται
705 828 716 859 ,
741 783 868 848 πόντων
895 781 966 849 ἐστι’
985 782 1185 868 φαυλότατον
1216 785 1272 847 κατ’
1292 808 1438 864 παρανο-

330 885 485 968 μιότατον.
536 877 594 948 κόν
617 885 759 972 φονεῦση
781 908 829 959 τις
860 881 937 950 κατό
970 882 1097 967 γνοόμην
1122 885 1179 948 τοῦ
1205 887 1297 964 θεοῦ,
1318 892 1436 971 φιλαν-

330 989 477 1071 θρωπίας
500 986 610 1072 ’πόσης
638 990 771 1069 βελτίων
806 984 822 1050 ό
844 984 961 1072 φόνος·
1012 981 1069 1048 κόν
1098 987 1250 1070 φειόηταέ
1270 1009 1318 1060 τις
1344 983 1463 1069 παρό5

330 1086 366 1155 τό
388 1089 502 1152 δοκοῦν
535 1086 663 1176 έκεένρν,
692 1087 792 1174 φόνου
820 1084 940 1164 παντός
969 1087 1166 1168 ἀνοσιωτέρα
1192 1088 1306 1168 γένοιτ’
1337 1082 1378 1151 όν
1415 1085 1434 1170 ἦ

332 1185 444 1277 φειδοό.
489 1187 530 1253 οῦ
554 1191 614 1272 γὰρ
650 1189 668 1272 ἦ
699 1189 799 1273 φόσις
820 1193 882 1252 τοῖν
903 1190 1097 1272 πραγμάτων
1126 1187 1195 1251 ἀλλ’
1218 1184 1253 1252 οἱ
1274 1192 1333 1252 τοῦ
1353 1191 1436 1254 θεοῦ

332 1295 439 1379 ψῆφοι
462 1289 539 1357 καλό
566 1293 621 1356 κατ’
641 1292 752 1376 φαῦλα
774 1293 864 1354 ταῦτ’
885 1283 968 1354 εἶναι
989 1291 1158 1353 ποιοῦσιν·
1198 1283 1305 1370 οἷσπερ
1330 1292 1360 1353 δ’
1381 1290 1437 1356 ἐκέ
1512 1310 1513 1349 ι

331 1396 434 1473 τόνοις,
456 1392 564 1478 φησιν,
589 1392 781 1473 ἐγκαλοῦμεν
802 1387 852 1456 ότι
874 1393 1130 1476 παρανομοῦσιν,
1151 1383 1234 1453 οῦτω
1255 1388 1310 1453 καί
1330 1395 1435 1479 πολλῷ

329 1496 449 1575 μᾶλλον
478 1494 555 1574 ῦμῖν
589 1489 638 1556 ότι
667 1501 732 1568 τοῖς
765 1495 988 1578 παρανομοῦσι
1018 1495 1222 1573 συνέρχεσθε.
1276 1493 1333 1555 κατ’
1360 1490 1437 1573 ου’χδ
1447 1496 1483 1549 10

331 1603 395 1668 τοϊς
415 1599 625 1677 συντρέχουσι
638 1595 760 1674 μόνον,
785 1592 864 1659 citio*
889 1593 944 1658 κατ’
964 1601 1029 1668 τοῖς
1057 1595 1179 1672 κνριόις
1197 1595 1257 1673 μὲν
1278 1586 1350 1658 οῦοι
1370 1619 1434 1658 κω.
1513 1638 1514 1713 η

332 1698 438 1777 λῦσαι,
461 1693 506 1779 μη
527 1698 731 1777 βουλομένοις
753 1698 799 1760 δέ.
856 1696 888 1760 rt
907 1695 966 1777 γὰρ
991 1694 1036 1769 εἰς
1070 1693 1207 1774 θέατρον
1231 1695 1289 1758 οῦκ
1312 1692 1436 1778 έπιτρέ.

332 1818 430 1878 πομτν
463 1798 631 1876 α’πελδεϊν,
660 1802 764 1886 πολλῷ
791 1800 913 1877 μᾶλλον
942 1794 995 1859 ἐπέ
1023 1796 1207 1877 συναγωγῆς
1237 1785 1332 1860 τοῦὶο
1363 1795 1432 1880 χρη

331 1905 448 1964 ποιεῖν·
499 1900 618 1980 μείζων
639 1899 700 1981 γὰρ
725 1901 907 1981 παρανομία
943 1899 1062 1982 ἐκείνης
1090 1889 1195 1980 αῦτη,
1219 1890 1268 1961 ότι
1293 1894 1361 1962 έκτῖ
1376 1902 1437 1978 μὲν

296 1995 476 2081 ὅδιμαρτιά
492 1998 527 2063 τό
552 2000 728 2082 γινόμενον,
748 2000 892 2062 ἐνταῦθα
916 1999 944 2060 δ’
964 1996 1126 2077 deificae?
1167 1995 1243 2086 δρᾷς
1264 1994 1306 2072 οῦς
1328 1985 1483 2062 auleolo
1514 2056 1515 2061 ,

333 2099 476 2182 χρηστόν
498 2102 597 2164 ένέοτε
633 2102 729 2180 δόξαν
754 2095 835 2164 εἶναι
857 2097 954 2162 κακόν
985 2094 1047 2161 ῦπό
1074 2102 1132 2162 τοῦ
1152 2101 1356 2164 octomodos
1377 2097 1438 2162 οἷν-

335 2200 411 2283 δρός
433 2200 627 2285 σ’πεδοέχδη,
656 2201 712 2267 καί
742 2197 820 2285 όοην
850 2201 997 2264 ἐντεῦθεν
1025 2203 1141 2277 έκεῖνος
1176 2201 1232 2284 την
1253 2202 1437 2283 ἐπινέμησιν

334 2305 374 2390 τῇ
396 2304 458 2368 τιῦν
481 2298 670 2384 ἑτεροδόξων
691 2307 836 2393 νοινωνέρ
855 2301 1056 2384 προσάντεις
1086 2296 1109 2366 ό
1130 2300 1191 2386 γόρ
1211 2326 1258 2377 τις
1279 2297 1435 2373 δεσπότου

209 2402 582 2486 λ.125τ.τιροστόττοντος
611 2405 692 2485 δρῦν
715 2399 827 2486 ἥκιστα
850 2406 910 2492 δρᾷ
918 2453 927 2484 ,
963 2402 1084 2469 τοότων
1107 2403 1266 2489 τιμωρέων
1286 2406 1311 2444 ‘¹
1330 2407 1437 2468 τέννυ-

336 2525 387 2569 σιν
410 2498 539 2579 οἰκότως
560 2501 657 2579 αῦτός
679 2502 694 2568 ό
716 2501 759 2589 μη“
785 2507 882 2587 δριῦν,
902 2508 958 2569 καί
989 2506 1020 2571 εἰ
1038 2505 1083 2590 μη
1106 2503 1202 2570 κακόν
1225 2503 1373 2592 α’παντρόη
1397 2499 1433 2568 τό
1444 2513 1483 2568 20

336 2607 454 2687 πέρας·
498 2609 553 2669 καί
573 2608 756 2671 τοῦναντιόν
778 2600 892 2683 αὖθις·
951 2610 990 2670 οῦ
1010 2605 1071 2692 γόρ
1095 2616 1161 2683 τοῖς
1179 2610 1243 2672 τοῖν
1264 2608 1435 2690 δρωμένων

335 2710 469 2789 πέρασιν
490 2703 573 2783 εἰκός
597 2707 784 2773 α’κολουδεῖν
815 2710 872 2793 την
890 2712 959 2773 ’τοῦ
979 2712 1137 2794 κρίνοντος
1156 2708 1343 2792 ἀπόφασιν,
1365 2706 1436 2769 ἀλλ’

336 3003 406 3060 quae
433 2988 460 3039 iu
479 2986 565 3041 ocuiia
584 2996 645 3041 aunt
665 2990 803 3059 respicere
827 3005 877 3044 noa
899 2999 1015 3059 oportet,
1036 2991 1083 3043 aed
1103 2990 1182 3042 etium
1201 2990 1320 3042 ratiouea
1338 2991 1433 3058 inqui.

338 3076 400 3113 rere
420 3074 488 3127 quae
513 3058 555 3111 luia
574 3061 711 3115 subiectae
730 3062 792 3115 aiut.
831 3065 870 3115 aie
891 3064 956 3116 dicit
975 3077 1072 3115 aureua
1092 3063 1208 3129 scriptor
1228 3062 1352 3115 loaauea.
1371 3077 1434 3113 uam

252 3176 256 3186 .
336 3146 513 3201 quaecuuque
533 3134 739 3201 secuudum-dei
758 3134 824 3185 duat
845 3134 1020 3198 voluntatem,
1040 3134 1106 3185 licet
1124 3133 1297 3201 aohirpraua
1318 3134 1433 3186 videon.

152 3204 154 3211 ’
334 3212 378 3256 tur
395 3210 484 3255 tamea
506 3211 567 3255 suut
584 3206 692 3272 optima.
714 3220 782 3274 quac
804 3220 869 3257 vero
890 3214 983 3257 contra
1003 3206 1046 3257 dei
1066 3206 1132 3257 iiuot
1152 3205 1433 3258 uoluntatemetiamai

335 3276 434 3343 optima
458 3274 598 3340 habentur,
618 3277 733 3327 omnium
752 3278 868 3343 pessima
885 3285 947 3329 auat
966 3284 993 3328 et
1013 3277 1180 3344 pravissima.
1216 3278 1308 3344 itaque
1329 3277 1352 3327 ai
1371 3278 1432 3345 quia

334 3348 385 3401 deo
405 3346 515 3399 iubente
537 3348 686 3415 quempiam
708 3348 833 3412 trucidet,
854 3348 881 3399 id
899 3348 995 3400 meliua
1015 3348 1236 3417 eatquamaieum
1257 3362 1348 3399 amore
1365 3363 1433 3416 pro.

334 3426 476 3487 aequatur;
499 3425 525 3469 et
543 3418 566 3469 ai
586 3421 645 3487 quia
671 3426 762 3486 parcat
780 3421 895 3487 cuipiam
917 3420 967 3471 deo
988 3428 1119 3483 vetante,
1150 3420 1177 3471 id
1196 3420 1273 3486 peiua
1293 3427 1334 3470 eet
1353 3435 1433 3487 quum

287 3497 291 3505 '
334 3491 358 3543 ai
378 3489 487 3541 caedem
512 3498 658 3557 perpetret.
701 3506 790 3559 acque
818 3493 888 3543 euim
909 3492 1015 3557 apcciea
1034 3491 1157 3543 boaaeue
1178 3492 1231 3541 aiut
1253 3506 1296 3542 rea
1314 3506 1347 3543 aa
1366 3506 1433 3557 pru.

334 3578 395 3626 vac,
416 3562 464 3613 aed
482 3576 551 3629 quae
572 3562 599 3613 iu
619 3563 653 3615 iia
671 3562 714 3614 dci
733 3562 859 3615 voluutas
878 3571 1014 3630 appareat,
1035 3563 1143 3615 iudicat.
1165 3570 1194 3613 ut
1214 3577 1281 3615 uero
1293 3577 1344 3615 οοι
1364 3562 1433 3613 ictor

334 3633 405 3703 quod
433 3634 579 3686 doctrinam
611 3633 721 3685 laedunt
738 3634 775 3685 ita
793 3634 839 3686 vel
864 3634 948 3687 multo
975 3635 1061 3702 magia
1087 3635 1254 3701 increpamur
1275 3648 1342 3698 voa,
1361 3634 1434 3702 quod

334 3720 394 3758 cum
418 3704 570 3758 iuddeiibua
595 3707 751 3758 societatem
772 3705 870 3758 fecitte.
917 3721 1006 3775 aeque
1027 3714 1115 3756 tamea
1135 3721 1182 3757 cos
1200 3713 1300 3757 tautum
1319 3706 1365 3773 qui
1384 3720 1434 3757 ao.

334 3776 459 3828 cietatcm
473 3775 591 3829 riociuat
618 3779 786 3845 increpamus
814 3778 860 3830 sed
879 3779 958 3829 etiam
972 3792 1044 3846 quoa
1063 3776 1208 3845 prohibere
1227 3791 1308 3844 poaae
1326 3776 1434 3845 quidem

334 3848 442 3911 ecimus,
463 3862 515 3899 uec
535 3863 600 3901 vero
619 3849 708 3913 velle;
728 3858 755 3902 et
772 3850 794 3899 ai
814 3849 986 3917 frequentare
1003 3848 1136 3900 theatrum
1155 3856 1285 3913 remmus,
1304 3847 1331 3899 id
1347 3846 1433 3898 multo

334 3920 419 3987 magia
443 3933 492 3969 noa
519 3927 625 3986 oportet
652 3929 786 3985 vetemua‚·
806 3921 876 3989 quod
894 3921 927 3972 ad
947 3935 1110 3989 synagogam
1130 3921 1236 3971 attinet.
1272 3934 1333 3970 nam
1352 3918 1433 3970 troiae

334 3990 457 4056 impietae
485 3992 569 4041 maior·
593 3993 766 4060 conspicitur.
809 4008 905 4059 nempe
930 3992 989 4045 iliic
1007 4008 1076 4061 quae
1093 4000 1208 4059 aguntur
1225 3990 1433 4059 improbarunt,

334 4062 379 4113 iric
400 4070 487 4112 autem
509 4077 574 4114 vcro
598 4064 705 4130 impia.“
746 4065 822 4117 videa
844 4066 926 4132 igitur
944 4062 1161 4133 quemadmodum
1180 4078 1249 4131 quae
1272 4064 1342 4114 iusta
1358 4076 1434 4115 uon.

334 4147 467 4199 nunquam
492 4134 633 4185 videantur
653 4137 695 4187 vir
713 4136 761 4188 ille
789 4137 972 4188 sanctissimus
991 4150 1073 4201 prava
1101 4135 1262 4198 estodiant,
1291 4142 1318 4185 et
1341 4149 1430 4201 quaa.

335 4212 431 4271 topere
457 4202 501 4256 hic
522 4218 568 4257 eoa
590 4206 713 4273 increpet
732 4208 778 4276 qui
805 4223 863 4258 cum
888 4207 1040 4257 infidelibus
1065 4206 1172 4257 iaciant.
1216 4208 1307 4274 itaque
1329 4206 1354 4255 ai
1372 4206 1433 4273 quia
1508 4220 1513 4229 ¹

335 4276 435 4328 domiui
467 4276 632 4328 voluntatem
655 4292 709 4329 nou
740 4281 863 4347 exegerit
887 4277 955 4328 harre
974 4278 1009 4329 ob
1029 4292 1134 4329 caueam
1160 4292 1262 4345 poenae
1282 4275 1435 4328 dubitatve

336 4345 404 4403 uiuit
435 4345 511 4403 illiue
534 4346 598 4401 meli
624 4349 719 4402 exierit
745 4350 805 4403 aive
830 4350 991 4402 contrariom
1011 4348 1148 4401 acciderit.
1193 4364 1253 4401 uam
1270 4362 1325 4401 ooo
1346 4346 1435 4417 qualit
