3184 5100
327 378 400 459 548
632 384 859 461 nrcsunout
889 334 1156 459 aureonno
1252 392 1256 397 ’

326 558 383 621 τοῦ
404 581 427 643 φ
452 555 611 636 στοιχείου
636 578 717 638 προς
737 551 772 618 τό
798 555 861 640 φεῦ
880 553 1232 636 μεταστοιχειοόσανιες,
1253 549 1291 615 τό
1316 550 1446 637 difera-

327 656 382 725 λόν
406 652 447 720 ari
472 650 541 733 ἑνός
562 653 730 719 ἀλλοιώσει
757 656 815 719 τοῦ
845 660 864 718 λ
895 654 1054 735 στοιχείου
1084 651 1365 737 μεταβεβληκότες
1395 652 1445 726 εἰς

327 754 362 821 τό
392 754 489 820 κακόν
513 754 566 819 διὰ
585 755 641 839 τῆς
670 756 714 830 εἰς
734 752 769 819 τό
792 778 811 817 ιι
833 757 1022 838 μεταβολῆς.
1073 754 1130 819 καί
1148 752 1228 838 πρός
1248 775 1287 838 γε
1308 750 1363 817 ἔτι
1382 749 1445 834 τὴν

329 859 408 940 περί
424 856 588 941 πρόθεσιν,
612 855 695 932 λέξιν
709 850 811 920 οάσαν
831 854 917 940 όλην,
939 855 1175 941 παραξέσαντες
1194 854 1251 918 καί
1271 851 1362 937 πρός
1382 849 1445 935 τὴν

328 958 410 1023 κατά
428 952 684 1042 μέτενηνοχότες,
706 956 775 1022 ἀντί
794 959 852 1021 τοῦ
883 957 958 1042 περί
976 960 1033 1021 τοῦ
1054 941 1158 1043 φωτός
1178 952 1260 1019 κατὰ
1278 958 1341 1020 τοῦ
1362 963 1467 1041 spor-5

331 1059 384 1135 τός
405 1058 669 1144 μιθηρμόσαντο,
696 1056 857 1143 ἀθόροοσι
871 1058 1057 1142 παιδαρίοις
1079 1058 1262 1143 προσόμοια
1283 1059 1441 1141 δρῶντες,

329 1159 385 1225 καί
404 1162 504 1224 ταῦτα
525 1161 588 1222 των
618 1158 757 1243 ἐλέγχων
779 1158 812 1221 έν
840 1156 1025 1243 ὀφθαλμοῖς
1056 1155 1276 1242 προκειμένων
1287 1155 1360 1245 -όιά
1382 1160 1442 1240 τῆς

330 1258 405 1345 όλης
425 1260 547 1334 ἑννοίας
570 1262 626 1323 τοῦ
647 1258 815 1343 λόγουκαὶ
834 1260 898 1323 τοῖν
918 1259 1175 1342 ἐπιχειρημάτων
1190 1254 1273 1341 ὁμοῦ
1293 1258 1355 1322 ιιαί
1380 1259 1438 1342 έρ-

328 1364 469 1447 γασιιόν,
499 1361 577 1425 καθ’
597 1357 673 1425 όσον
709 1360 812 1437 εἰκός,
845 1358 900 1423 καί
919 1359 1059 1442 μάλιστα
1090 1363 1153 1423 τῶν
1172 1361 1357 1445 γραφικοῖν,
1381 1358 1439 1421 καί
1501 1409 1502 1412 ,

265 1476 317 1528 82
331 1462 426 1525 πάνθ’
449 1460 510 1525 όσα
532 1459 678 1547 τῷλόγῳ
702 1462 852 1546 πρόσεστι
877 1460 1020 1545 περὶτοῦ
1039 1459 1181 1525 τοιοότου
1206 1461 1326 1546 φωτός.
1351 1457 1474 1525 otioso

329 1564 428 1627 ταῦτα
452 1563 614 1637 ποιοῦντες
645 1556 715 1625 οὔτε
736 1560 888 1639 βλάπτειν
917 1558 1003 1643 ἡμᾶς
1025 1555 1182 1637 tinomao,
1204 1561 1261 1624 ιιαὶ
1284 1558 1357 1641 ἀμα
1380 1564 1437 1643 την

331 1662 489 1749 σφετέραν
509 1662 565 1727 καί
589 1659 715 1739 ἀκοντες
737 1660 781 1739 oie
801 1664 920 1728 ε’·πίπαν
940 1659 1149 1746 ὁμολογοῦσιν
1178 1659 1354 1725 ἀσθένειαν
1372 1684 1435 1742 μο-

329 1764 460 1844 νονοοχί
480 1766 635 1846 βοῶντες,
664 1765 719 1830 καὶ
738 1768 826 1851 σφᾶς
847 1760 960 1840 αάτοός
989 1762 1237 1845 ἐκπομπεόοντες
1260 1758 1437 1838 ὦς’ἀλλως

330 1862 386 1927 οὐκ
420 1864 544 1947 ἔχοντες
570 1864 766 1949 ἀποβλέπειν
794 1863 876 1950 πρός
895 1863 951 1949 την
984 1864 1147 1949 ἀλήθειαν.
1189 1865 1246 1929 καί
1264 1865 1435 1944 πάσχουσι

330 1964 540 2049 παραπλήσια
560 1968 602 2052 τῇ
623 1970 679 2032 τοῦ
691 1966 848 2033 Αίσιόποο
867 1967 1008 2052 καμήλῳ,
1031 1963 1052 2049 ἢ
1074 1968 1115 2030 δι’
1137 1964 1309 2029 ἀσθένειαν
1322 1963 1433 2050 ἔμφο-
1445 1976 1471 2027 15

329 2088 384 2129 τον
405 2073 548 2151 κεράτων
573 2068 776 2153 ἀμυντηρίων
797 2067 1049 2152 έπιθομὴσασα,
1070 2068 1126 2131 καὶ
1144 2069 1207 2130 τῶν
1228 2067 1323 2131 ἰδίων
1343 2061 1434 2130 ὤτων

331 2167 506 2251 ἐπέρηται.
556 2170 615 2234 καί
630 2192 687 2252 μοι
717 2166 829 2233 λοιπόν
861 2165 990 2232 οἴεσθαι
1020 2166 1161 2243 ἔπεισιν,
1193 2163 1237 2243 ὥς
1266 2167 1358 2252 ξίφει
1378 2191 1434 2251 την

330 2269 408 2353 ἐμὴν
432 2268 562 2355 ἀφελεῖν
582 2270 726 2358 κεφαλὴν
749 2272 880 2355 καὶτῆς
899 2269 1065 2354 παροάσης
1087 2266 1269 2345 ἀπαλλάξαι
1290 2269 1378 2351 ζωῆς
1400 2269 1434 2330 ἐν

328 2371 452 2452 βραχεῖ’
478 2370 641 2456 ἐφιέμενοι
666 2372 725 2453 μὲν
746 2371 783 2434 oti
811 2369 979 2453 δυνάμενοι
1004 2368 1058 2446 δέ,
1084 2368 1187 2452 τάμά,
1207 2365 1262 2432 τόν
1285 2367 1435 2453 όεότερον

332 2470 440 2544 πλοῦν,
462 2466 716 2549 ἀποκλέπτοντες,
739 2473 920 2558 μαχαίραις
943 2470 1120 2548 ἀποξέονσί
1130 2492 1165 2534 τε
1184 2468 1240 2533 καί
1265 2467 1470 2532 ἀπαλλάτ-λθ

330 2589 423 2630 roone
446 2567 526 2653 πρός
544 2570 580 2634 τό
602 2573 696 2656 σφίσι
711 2574 915 2655 βουλόμενον,
937 2571 1005 2638 ἔστι
1019 2575 1049 2636 δ’
1063 2569 1115 2636 ότε
1126 2571 1182 2635 καί
1201 2573 1320 2651 βοθοῖς
1343 2571 1432 2656 ἀφα-

327 2670 450 2750 νισμοῖν
479 2671 730 2754 πρυτανεύονσιν
760 2671 836 2738 όσον
856 2672 892 2738 τό
922 2679 990 2738 κατ’
1021 2670 1143 2750 αάιοός,
1177 2672 1207 2735 εἰ
1235 2672 1291 2736 καί
1317 2667 1432 2748 ἄλλως,

328 2769 385 2852 τῆς
407 2769 500 2845 θείας
523 2769 790 2860 ἀντιπραττούσης
810 2775 925 2853 δεξιᾶς,
949 2774 1079 2861 καιρίαν
1095 2796 1130 2838 τε
1153 2772 1336 2858 ἐπλήγησαν
1352 2778 1432 2837 πολ-
1503 2818 1504 2821 ¹

329 3079 382 3145 λόν
400 3097 489 3142 autem
508 3091 586 3144 unius
598 3091 705 3146 litterae
722 3097 868 3147 mutatione
886 3105 1018 3151 mutantes
1037 3099 1065 3150 in
1084 3089 1171 3153 ιαιιόν
1189 3097 1434 3165 permutationem
1503 3114 1504 3155 ἱ

330 3161 358 3212 in
378 3181 402 3213 ιι.
442 3169 470 3214 et
497 3172 636 3230 praeterea
662 3172 726 3236 περὶ
756 3169 956 3235 praepositione
982 3177 1038 3221 tota
1057 3170 1144 3222 eiecta
1172 3179 1199 3222 et
1224 3171 1252 3220 iu
1272 3162 1344 3222 ιιιιιά
1365 3183 1435 3221 oon·
1503 3160 1504 3173 ¹

331 3248 421 3294 versa,
444 3247 491 3300 pro
516 3243 580 3302 περι
606 3237 657 3290 τοά
681 3235 777 3308 φωιός
809 3242 992 3306 rescriperunt
1019 3232 1090 3294 ιαιά
1119 3242 1171 3296 rori
1200 3241 1301 3312 φωτός.
1339 3239 1437 3292 ludunt

331 3305 503 3370 puerulorum
529 3305 611 3358 instar
640 3308 786 3373 iacientes,
811 3311 890 3378 idque
919 3329 998 3380 quum
1025 3321 1179 3381 argumenta
1206 3314 1259 3363 sint
1287 3313 1317 3363 in
1346 3311 1435 3363 oculis

331 3373 442 3442 propter
463 3384 542 3428 totam
565 3381 695 3430 sermonis
727 3382 903 3433 intentionem
935 3392 962 3435 et
979 3385 1086 3451 incepta
1104 3392 1131 3436 ct
1149 3385 1245 3446 studia,
1264 3392 1294 3435 ut
1314 3398 1437 3435 cousen-

331 3453 437 3498 taneum
456 3455 505 3499 est.
543 3450 664 3516 inprimis
692 3460 779 3503 autem
805 3462 915 3520 propter
939 3457 1087 3522 scripturae
1106 3456 1277 3519 testimonia,
1299 3463 1327 3505 et
1344 3455 1437 3506 omnia
1503 3442 1504 3485 λ

267 3525 270 3534 ’
332 3533 486 3586 quaecum
515 3523 757 3584 sermoue'deillo
780 3520 876 3594 φωτός
899 3533 960 3578 suut
985 3528 1136 3579 coniuncta.
1182 3527 1231 3578 sed
1250 3526 1302 3576 hoo
1321 3534 1436 3594 agentes

331 3589 411 3644 nobis
428 3589 525 3642 obesse
545 3607 598 3644 non
618 3603 737 3659 possunt,
757 3596 889 3664 simulque
909 3600 995 3650 coacti
1007 3607 1069 3650 sunt
1085 3613 1137 3650 una
1156 3613 1249 3649 omnes
1262 3613 1337 3648 suam
1356 3598 1437 3663 ipso.

332 3675 389 3712 rum
420 3661 631 3716 imbecillitatem
658 3669 737 3717 motio
763 3681 818 3718 uon
838 3668 963 3721 ciamare.
1006 3678 1033 3720 et
1064 3678 1155 3731 semet,
1175 3669 1227 3736 ipsi
1246 3669 1437 3729 abiiecientes,
1503 3670 1504 3723 ἶ

334 3733 410 3798 quusi
431 3733 510 3786 aliter
530 3738 708 3802 nonpossint
738 3737 844 3790 obtueri
863 3742 1012 3804 veritatem,
1031 3741 1124 3808 itaquo
1147 3739 1237 3792 simiie
1257 3741 1320 3808 quid
1337 3739 1439 3790 accidit

333 3805 435 3883 Aesopi
455 3805 566 3858 cameli:
586 3807 631 3874 qui
653 3817 762 3876 propter
787 3811 902 3862 innatam
932 3811 1144 3864 imbecillitatem
1169 3827 1269 3864 eoruna
1290 3810 1438 3878 propulsa-

333 3879 403 3922 torn
428 3877 621 3943 concupiscens
652 3881 759 3931 auribus
787 3883 907 3946 privatus
929 3890 979 3935 est.
1025 3899 1058 3935 ao
1087 3884 1151 3934 nini
1177 3883 1311 3950 reliquum
1339 3890 1382 3933 est
1408 3888 1439 3930 ut

334 3943 438 4000 credam
458 3947 547 4013 gladio
568 3964 613 4001 eos
634 3959 811 4016 caputmeum
830 3955 957 4005 decutere
974 3969 1072 4023 meque
1091 3963 1233 4022 praesente
1253 3956 1308 4006 vita
1328 3955 1438 4020 privare

332 4012 423 4075 velle;
446 4019 515 4082 quod
535 4035 613 4086 quuru
633 4037 687 4072 nou
708 4024 820 4088 possint,
839 4041 912 4076 meas
926 4041 971 4076 res
988 4029 1107 4078 secundo
1126 4034 1208 4080 ventu
1228 4026 1393 4077 suffurantur
1410 4030 1440 4072 et

335 4086 479 4137 corradunt
491 4090 609 4141 cultellis
625 4099 652 4142 et
670 4094 822 4146 distrahunt
841 4110 875 4147 ex
894 4096 1019 4160 arbitris3
1038 4105 1227 4166 nonnunquam
1247 4105 1335 4148 auteur
1358 4097 1437 4148 etiam

332 4157 431 4207 inimo
460 4158 660 4213 disturbatiouis
679 4174 792 4232 regnunt
821 4181 869 4233 pro
897 4167 969 4221 virili
993 4177 1087 4235 parte,
1115 4183 1271 4238 quamquam
1300 4167 1368 4220 alias
1394 4166 1438 4216 dei

331 4229 424 4278 dextra
445 4231 579 4280 contraria
596 4233 728 4294 ,moliente
751 4238 782 4288 ad
801 4247 914 4290 mortem
933 4239 980 4290 icti
1000 4249 1061 4292 suut
1081 4256 1162 4311 saepe
1183 4247 1211 4291 et
1228 4239 1315 4291 adhue
1330 4252 1439 4304 semper

329 4297 447 4358 iniuntur
472 4307 499 4354 et
528 4303 702 4358 ostenduntur
727 4313 852 4385 tauquam
878 4309 936 4379 lupi
959 4311 1060 4366 trustra
1082 4312 1207 4379 hiantes,
1225 4311 1296 4384 quot
1313 4312 1391 4364 aiunt
1408 4309 1437 4362 itt
