3184 5100
328 296 405 481 θθθ.
638 364 862 439 witoni
890 363 1124 435 GROEORAE

329 533 509 609 Κάλλιστος
545 529 736 619 φυγοδικιάς
768 552 802 593 τε
822 529 942 594 ἐκεῖνον
976 529 1096 593 ἀπόντα
1124 528 1438 613 καταδικάζει,καί
1503 529 1504 552 ’

325 630 380 699 τόν
403 632 572 717 όμάνυμον
595 633 775 699 Κόλλιστον
797 631 842 706 εἰς
862 626 916 695 τόν
935 634 992 695 τοῦ
1011 630 1146 714 Συμεὼν
1171 630 1290 717 θρόνον
1308 633 1434 716 ἐκπέμ-

260 744 317 799 lo
326 758 380 801 πει
395 720 633 819 χειροτονήσας.
675 729 757 799 οὕτω
777 758 814 819 γε
845 730 909 817 μὴν
931 731 1050 818 εότυχῆ
1076 732 1133 797 καὶ
1154 720 1288 814 ταχεῖαν
1311 732 1333 797 ό
1355 733 1432 798 δεό-

325 860 416 923 τερος
437 826 527 913 οὗτος
547 835 603 922 τὴν
634 836 666 910 ἐς
684 832 838 902 Ἀλανιάν
864 834 1021 900 ε’πάνοδον
1043 834 1272 921 ποιησάμενος,
1292 836 1351 899 καί
1372 833 1432 898 σό-

325 962 388 1014 τως
421 932 514 1003 ιόνιον
546 939 581 1001 ἐκ
615 937 672 1001 τοῦ
702 932 819 1025 ῥᾴστου
853 932 910 1021 τὴν
933 937 991 1010 τοῦ
1016 933 1183 1020 προτέρου·
1200 936 1458 1018 διαδεξάμενοςῠ

327 1036 551 1124 ἀρχιερατικὴν
567 1035 742 1120 καθέδραν,
765 1036 886 1120 ἀτόμοις
906 1038 1029 1100 ἐκεῖθεν
1042 1035 1197 1117 ἐκπέμποι
1214 1032 1268 1099 τόν
1279 1034 1430 1119 Συμειόν.

325 1139 380 1205 καί
404 1136 438 1216 ἀς
460 1141 492 1217 ἐς
503 1139 681 1219 Βυζάντιον
702 1135 942 1223 ἐπιδεδημηκώς
958 1136 1089 1223 ,περιῄει
1106 1134 1224 1211 πάντας
1246 1135 1431 1219 ἐπιβοώμε-
1504 1115 1505 1184 λ

325 1262 378 1314 νος
397 1238 591 1315 ἐπισκόπους
610 1238 666 1302 καί
688 1237 946 1323 πρεσβυτέρους,
981 1235 1037 1320 τὴν
1059 1232 1169 1302 ἄδικον
1190 1229 1306 1300 ἑαυτοῦ
1326 1259 1430 1301 κατα-
1504 1255 1505 1330 3

327 1340 417 1423 δίκην
441 1340 659 1424 ἐκτραγωδῶν,
681 1338 736 1402 καί
757 1334 815 1421 τὴν
838 1340 991 1423 προφανῆ
1010 1340 1072 1401 τῶν
1093 1334 1190 1420 ἱεράν
1207 1336 1351 1401 κανόνων
1370 1337 1432 1400 καὶ
1504 1333 1505 1410 l

323 1440 429 1521 νόμιον
450 1439 624 1504 κατάλυσιν
646 1440 786 1523 ἐγκαλῶν
804 1440 851 1524 τῷ
874 1437 1056 1523 Καλλίστῳ.
1083 1433 1190 1504 ,οὕτω
1214 1438 1244 1500 δ’
1267 1437 1433 1501 ἐκπύστου
1441 1455 1473 1507 to
1504 1435 1505 1462 ¹

323 1538 483 1623 γεγονότος
504 1541 561 1603 τοῦ
582 1537 771 1624 παρανόμου
793 1540 849 1603 κατ’
873 1536 1001 1622 ἀνιέρου
1023 1537 1079 1602 καί
1100 1539 1252 1622 μυσαροῦ
1272 1539 1430 1623 πράγμα-

323 1662 385 1716 τος,
410 1638 483 1705 οὐδὲ
503 1641 549 1727 τῷ
569 1642 702 1721 βασιλεῖ
717 1639 886 1723 τετύχηκεν
903 1629 1027 1725 ἀνηκόὶρ
1046 1639 1159 1703 τοότου
1181 1637 1335 1723 γενέσθαι
1357 1637 1430 1702 οὐδ’

257 1751 311 1803 11
326 1737 478 1827 ἀφθόγγῳ
501 1740 600 1826 πάντῃ
621 1746 729 1822 μεῖναι
741 1737 796 1822 τὴν
817 1740 967 1823 γλῶτταν,
986 1738 1054 1801 ἀλλ’
1078 1739 1111 1802 ἐν
1130 1737 1274 1819 θαάματί
1295 1721 1331 1801 τό
1353 1737 1430 1801 τόλ-
1504 1817 1505 1824 ρ

324 1864 416 1922 μημα
437 1842 607 1924 πεποίηται
630 1839 685 1903 καί
708 1826 813 1914 αότός.
865 1838 921 1900 καί
945 1836 1208 1922 ἀναλογιζόμενος
1236 1836 1324 1921 ἔλεγε
1346 1834 1432 1921 πρὸς
1504 1861 1505 1928 j

323 1934 378 2001 τόν
402 1940 604 2024 πατριάρχην
623 1936 672 2002 “et'
691 1938 751 2021 μὲν
764 1936 887 2022 ἰσχυρά
907 1935 947 2001 τά
959 1938 1035 2021 πρίν
1052 1932 1137 2022 ἦσαν
1158 1935 1350 2020 ἐγκλήματα,
1372 1933 1432 1999 deul
1442 1953 1472 2005 15

323 2036 358 2103 τό
375 2036 517 2123 ἀκηκοώς
536 2039 591 2103 οὐκ
615 2038 803 2124 ἀπεκροόσω
834 2039 916 2103 ἀλλά
937 2036 1180 2123 συλλειτουργόν
1207 2035 1429 2120 ἐπεποιήκειςς

325 2139 354 2201 εἰ
379 2139 414 2203 δὲ
435 2138 480 2223 μὴ
503 2139 634 2225 ἰσχυρά,
661 2138 716 2203 διὰ
729 2141 763 2205 τό
779 2137 971 2224 καθαιρέσει
992 2138 1175 2225 σπευδοόσῃ
1194 2136 1428 2223 παρέπεμψας,

325 2238 382 2305 καί
401 2240 437 2303 τό
459 2262 494 2324 γε
516 2238 782 2327 παραλογώτατόν
804 2262 838 2303 τε
860 2240 916 2304 καὶ
938 2237 1157 2316 ἀτοπιότατον,
1191 2238 1236 2324 μὴ
1259 2238 1429 2323 παρόντας

325 2338 353 2401 εἰ
374 2338 409 2403 δὲ
433 2339 488 2405 καί
515 2342 685 2427 καθαιρεῖν
707 2336 802 2405 αὐτόν
822 2340 913 2423 ἐνῆν,
949 2338 1016 2403 ἀλλ’
1040 2337 1077 2403 od
1097 2336 1152 2405 τόν
1173 2339 1271 2403 αὐτοῦ
1291 2339 1429 2423 κατήγο-

325 2460 379 2523 ρον
401 2448 594 2525 χειροτονεῖν
624 2441 690 2519 άντ’
713 2439 810 2504 αάτοῦ
833 2445 899 2505 κατ’
923 2439 1034 2505 αὐτοῦ·
1077 2437 1099 2524 ἢ
1122 2442 1218 2525 δῆλον
1241 2437 1286 2515 τός
1309 2441 1472 2515 desineret)

322 2536 381 2621 μὲν
402 2542 457 2623 τῆς
478 2532 692 2625 ε’πισκοπικῆςΙ
707 2542 810 2628 ἀρχῆς
829 2537 965 2627 ἐραστὴς
998 2537 1131 2628 γεγονώς
1158 2541 1351 2626 ζηλοτυπόας
1373 2542 1428 2604 ἐκ-

322 2637 436 2722 γόνους
454 2644 587 2720 ψευδεῖς
608 2641 794 2727 συνέρραψε
828 2642 964 2719 δόλους,
984 2639 1024 2706 σι)
1047 2644 1076 2704 δ’
1098 2640 1233 2727 ἐραστὴς
1253 2643 1310 2706 καί
1325 2639 1431 2718 «αὐτός

324 2737 482 2816 καταστάς
501 2743 563 2844 τῶν
584 2741 703 2806 ceraton
737 2742 913 2830 χρημάτων
944 2741 1141 2826 ἀδικωτάτην
1161 2740 1217 2807 καὶ
1236 2742 1327 2825 μάλα
1352 2741 1429 2806 ἀνα·
1505 2780 1506 2831 3

324 3070 373 3124 vn.
411 3066 539 3123 mitratur
556 3068 640 3136 igitur
659 3068 735 3122 torn
754 3069 907 3136 perunna,
927 3069 1005 3122 nrm
1022 3070 1090 3123 inu·
1106 3077 1134 3122 ει
1150 3069 1243 3122 natm
1264 3085 1315 3137 με
1332 3070 1427 3140 πω.
1505 3054 1506 3147 l

324 3141 525 3194 detrectationis
550 3141 639 3208 arguit
663 3148 690 3192 et
708 3142 817 3194 nomine
847 3141 898 3194 sibi
922 3149 1065 3210 cogustntn
1089 3140 1228 3196 Callistum
1250 3157 1425 3194 succesorem
1505 3162 1506 3213 t

323 3213 477 3280 designavit
495 3218 522 3262 et
542 3212 569 3262 in
589 3212 729 3276 Symeouis
757 3213 879 3265 tbronun
899 3214 979 3264 misit
1017 3214 1108 3281 itaque
1136 3210 1186 3264 ille
1204 3213 1355 3265 fortunatas
1375 3231 1426 3266 cc.

323 3284 418 3338 leriter
435 3284 464 3334 in
480 3281 602 3336 Aletrium
621 3297 747 3336 reversus
771 3292 812 3335 est
836 3292 865 3334 et
887 3285 946 3336 siae
967 3299 1040 3336 mora
1070 3284 1252 3350 episcopalem
1270 3284 1426 3337 catbedram

323 3356 463 3424 ingrersus
482 3353 641 3418 Symeencm
660 3369 720 3404 cnm
740 3355 849 3406 infamia
868 3370 899 3407 es
919 3355 1009 3406 eiecit.
1053 3355 1076 3406 ie
1101 3369 1168 3406 uero
1187 3355 1345 3421 Byzantium
1365 3366 1425 3409 eta.

257 3420 260 3428 ’
322 3428 369 3478 tim
388 3441 419 3477 so
439 3423 554 3476 contulit
573 3432 600 3475 et
620 3438 712 3477 omnes
729 3425 763 3476 int
785 3425 876 3478 lorsns
893 3427 959 3477 adiit
978 3427 1121 3494 episcopos
1141 3434 1167 3476 et
1187 3428 1310 3478 seniores
1328 3436 1358 3478 et
1377 3429 1424 3480 in.

323 3497 417 3548 iuriam
448 3496 490 3548 sui
514 3495 734 3548 condemnatione
793 3497 956 3566 divulgavit.
994 3498 1072 3549 etiam
1094 3497 1252 3549 manifestae
1269 3506 1424 3552 sauctorum

322 3582 453 3620 cononum
474 3573 501 3618 et
519 3565 609 3633 legum
631 3568 781 3620 eversionis
797 3568 937 3622 callistum
957 3570 1087 3636 coarguit.
1125 3570 1197 3637 quod
1216 3585 1294 3637 quum
1312 3571 1350 3620 ita
1372 3587 1424 3638 pa.

322 3639 374 3691 lam
400 3638 537 3707 vulgatum
566 3645 658 3703 esset,
686 3639 801 3690 iniuriae
826 3647 853 3690 et
882 3640 1019 3706 improbae
1049 3648 1077 3693 et
1098 3640 1270 3692 detestandae
1294 3643 1335 3692 rei
1353 3643 1424 3694 lama

323 3712 401 3762 etiarn
420 3711 453 3762 ad
471 3723 563 3776 regem
585 3711 727 3776 pervenit,
757 3712 804 3778 qui
824 3713 884 3777 ipae
907 3725 980 3762 nnnc
1004 3711 1121 3779 linguatu
1140 3727 1214 3763 suam
1235 3711 1349 3780 amplius
1367 3729 1423 3766 oon

321 3783 408 3832 tenuit
426 3781 472 3832 sed
491 3781 532 3832 rei
549 3782 699 3832 temeritate
719 3795 806 3847 paene
830 3781 1032 3849 obstupefactae
1057 3783 1124 3833 haee
1145 3785 1286 3836 exanimo
1305 3786 1423 3850 patriar.

322 3851 389 3902 cbae
408 3852 530 3918 scripsit:
559 3853 599 3904 “si
623 3868 688 3906 vera
716 3861 791 3904 erant
819 3869 887 3919 quae
911 3861 991 3906 entes
1025 3853 1211 3906 referebantur
1236 3855 1358 3921 crimina,
1375 3873 1424 3908 cnr

322 3937 401 3989 quum
419 3923 539 3974 audisses
557 3937 611 3974 non
631 3923 754 3990 repulisti
775 3940 834 3976 enm
849 3925 899 3976 sed
918 3924 1049 3993 collegam
1067 3933 1141 3976 tuum
1161 3925 1274 3978 iecisti?
1309 3928 1333 3978 si
1356 3943 1423 3980 vero

321 3991 399 4054 falsa,
419 4007 466 4043 cur
487 4001 538 4044 tam
558 4009 674 4061 propera
695 3993 854 4060 expulsione
872 3995 1036 4048 removisti?
1073 4003 1109 4059 et,
1130 3996 1201 4064 quod
1219 3998 1423 4050 iniustissimum

322 4071 371 4126 est,
391 4075 479 4130 oeque
496 4063 555 4116 ullo
573 4066 650 4118 modo
678 4067 802 4118 excusari
820 4075 925 4134 potest,
950 4067 1038 4133 ipsum
1054 4065 1212 4119 mentem?
1254 4069 1423 4138 quinetiam

321 4135 344 4187 si
365 4132 465 4186 licebat
484 4135 702 4202 enmespellere,
721 4145 810 4190 tamen
828 4139 904 4190 neiss
921 4147 1104 4190 accusatorem
1124 4139 1151 4190 in
1170 4140 1229 4190 eins
1248 4139 1337 4191 locum
1357 4157 1422 4196 sac.

323 4219 457 4260 cessorem
478 4220 580 4260 creare.
617 4207 785 4260 manifestum
805 4225 881 4279 ergo,
900 4209 976 4264 illum
997 4209 1160 4277 episcopalis
1185 4211 1323 4278 dignitatis
1342 4215 1425 4280 cupi.

322 4277 394 4341 dum,
413 4291 446 4328 ex
464 4275 565 4330 invidia
584 4275 754 4332 frandulenta
772 4281 850 4334 dolos
870 4282 897 4332 in
917 4297 977 4334 eum
996 4281 1176 4338 commolitum
1197 4297 1266 4334 esee.
1302 4290 1334 4335 tu
1349 4298 1423 4338 ‘vero
