3184 5100
284 427 506 498 simoniae
532 426 792 501 nummula
809 369 905 503 axx.
926 414 1115 503 26-28.
1180 428 1253 507 τεο
1282 491 1287 505 ,

157 589 278 677 δηλαδή
298 591 355 677 τήν
378 591 472 658 θείαν
491 595 611 680 ε’κείνήν
631 593 686 660 κατ’
705 597 869 681 μακαρίαν
901 596 1025 683 ούσίτιν,
1047 600 1102 665 καί
1119 594 1164 684 μή
1188 599 1254 663 κατ’

157 691 316 773 Εόνόμιον
337 697 455 760 όκεῖνον
475 691 528 761 τόν
545 697 697 783 δοσσεβή,
718 696 754 764 τό
777 704 833 783 τῆς
856 700 1040 786 α’γεννηοίοις
1060 692 1160 785 ὄνομα
1180 698 1255 765 θεό-

156 818 247 879 τητος
277 788 413 879 ύπαρξιν
443 798 590 880 λέγοντα,
627 799 683 863 κατ’
709 800 756 882 σε,
783 800 935 886 θεότητος
963 803 1057 868 τοῦθ’
1078 798 1254 889 ύφειμένας

157 892 304 979 ἡγεῖσθαι
326 893 441 978 πάντα,
466 896 641 984 διαφόρους
655 903 710 985 τής
728 901 839 976 ούσίας
860 901 916 967 καί
927 906 1100 985 οἰκτίστοος,
1123 897 1254 985 όνθριό-

129 999 222 1060 5πων
241 988 316 1061 όντα
339 996 504 1081 εὑρήματα
529 1001 584 1065 καί
604 1003 775 1084 ποιήματα.
818 1002 931 1068 αύτίκα
951 1000 1010 1088 γόρ
1033 1004 1112 1089 πρός
1136 1006 1254 1069 ἐκεῖνον

156 1094 174 1160 ό
195 1100 294 1183 μέγας
326 1100 442 1184 φόσκει
464 1103 632 1177 Βαοίλειος
659 1100 714 1168 “ul
738 1105 906 1187 α’γίννητος
933 1106 963 1169 εἰ
984 1097 1093 1187 ὄνομα,
1116 1106 1174 1168 ούκ
1195 1104 1254 1168 ού-

155 1204 228 1264 σίοι·
248 1202 334 1264 -τῶν
352 1199 414 1285 γὰρ
438 1203 559 1266 ούσιῶν
577 1202 752 1287 σήμαντικόι
776 1202 814 1268 τό
839 1203 992 1292 ὀνόματα,
1010 1206 1067 1270 ούκ
1089 1202 1172 1271 αύτό
1194 1206 1253 1269 ού·

155 1301 234 1364 σίαι.
290 1303 321 1365 εἰ
348 1306 376 1365 δ’
397 1302 480 1367 αύτό
514 1301 608 1368 οόσία
628 1300 661 1367 τό
686 1306 865 1391 α’γόννήτσς,
895 1312 1073 1389 λεγέτωσαν
1093 1305 1127 1371 τό
1153 1297 1262 1388 ὄνομα

156 1402 270 1486 αύτής·
324 1405 365 1465 ου’
389 1402 451 1486 γόρ
481 1407 515 1467 ἐκ
538 1406 602 1469 τῶν
622 1408 741 1470 ούσιῶν
766 1408 835 1472 ἀλλ’
864 1410 898 1473 ἐκ
918 1409 981 1472 τῶν
1014 1404 1177 1489 όνομότων
1200 1410 1254 1471 κατ’

110 1505 190 1566 1οἐκ
220 1507 284 1567 τῶν
323 1501 489 1587 ἐνεργειῶν
518 1509 713 1590 γνωρίζομεν
741 1512 797 1572 κατ’
825 1504 965 1590 μάλιστα
995 1506 1034 1573 τό
1067 1505 1253 1591 οἷσοόματα.”

155 1598 229 1692 όρρῖς
253 1607 288 1669 ἐκ
309 1606 368 1668 τού
389 1602 581 1688 παρήκοντος
612 1611 678 1685 πῶς
699 1612 734 1674 ἐκ
756 1611 819 1673 τῶν
848 1612 1033 1691 σωματικῶς
1064 1610 1314 1693 θεωρονμό-βῠ

154 1728 215 1768 νων
240 1702 404 1786 ἐνεργειῶν
426 1707 533 1791 φησίν,
553 1704 657 1773 είτονν
671 1706 772 1794 ἔργων
791 1712 846 1775 καί
865 1708 1060 1795 ποιήμότων,
1085 1708 1250 1794 γνωρίζειν

151 1803 235 1887 ἡμᾶς
256 1803 294 1869 τό
314 1803 480 1891 α’σιόματα
504 1806 559 1870 καί
579 1808 624 1892 μή
652 1808 851 1892 φαινόμενος
881 1804 978 1875 ύκονε
1001 1812 1032 1873 δ’
1052 1806 1106 1874 alni
1128 1808 1250 1884 τούτοις

152 1910 188 1968 τί
211 1906 268 1969 καί
298 1903 316 1966 ό
340 1908 518 1970 Νοσσαέων
547 1907 621 1989 περὶ
649 1908 810 1990 όνομύτων
837 1910 953 1997 φάσκει
975 1912 1006 1974 Γ
1004 1909 1157 1995 ρηγόριος.
1206 1905 1249 1992 “p

107 2016 142 2069 15
151 2009 226 2071 θεία
248 2005 346 2091 φύσις
368 2003 414 2071 ότι
437 2011 509 2072 ποτδ
533 2014 601 2073 κατ’
623 2010 734 2075 ούσίαν
748 2012 827 2092 ε’στί,
846 2014 905 2091 μία
925 2009 1008 2076 ἐστίν
1021 2010 1172 2094 enatam·
1185 2032 1248 2091 μο-

151 2103 274 2189 νοειδής
295 2107 350 2171 καί
370 2108 548 2187 α’σύνθετος
570 2113 626 2175 καί
645 2110 723 2195 ύπὲρ
746 2108 802 2197 τήν
825 2094 1012 2198 αἰσθητικήν
1042 2106 1130 2195 ήμῶν
1151 2110 1249 2176 κατό-

149 2212 258 2290 λήψιν.
301 2213 357 2273 κατ’
375 2208 485 2295 ἐπειδή
506 2211 590 2293 μόνοι
615 2208 655 2276 τό
676 2212 892 2294 γινωσκόμενα
921 2210 975 2276 διό
998 2214 1052 2297 τῆς
1074 2212 1247 2293 όνομαστι-

149 2309 207 2393 κής
226 2311 446 2394 οήμειούμεθα
470 2313 629 2395 κλήσεως,
652 2312 691 2377 τύ
716 2314 745 2376 δ’
767 2311 847 2397 ύπὲρ
868 2309 924 2397 τήν
947 2315 1063 2397 γνῶσιν
1086 2305 1162 2379 όντα
1186 2337 1247 2398 σή-

148 2418 332 2493 μειωτικαῖς
354 2410 420 2474 τισί
440 2412 666 2497 προσηγορίαις
690 2414 869 2494 διαλαβεῖν
884 2414 943 2496 σύγυ
964 2405 1031 2477 οἷόν
1052 2436 1098 2495 τε,
1120 2418 1248 2488 πολλοῖς

103 2513 204 2580 20καί
233 2508 401 2598 διαφόροις
436 2510 608 2595 όνόμασινς
629 2509 715 2591 όνιως
746 2507 786 2578 όν
814 2508 834 2602 ᾗ
859 2512 1011 2599 δυνατόν,
1042 2515 1246 2595 ἀνακαλύψω

147 2610 329 2696 βιαζόμεθα
357 2611 415 2696 τήν
436 2613 635 2698 ἐγγινσμίνήν
665 2613 740 2700 ἡμῖν
767 2617 843 2700 περί
862 2617 923 2680 τού
943 2614 1033 2680 ussto
1060 2610 1246 2680 ύπόνοιοιν.”

147 2961 208 2998 enm
227 2947 266 2998 ita
285 2946 339 2999 sint
355 2945 448 3016 itaque
467 2946 657 3015 praeiudicata,
682 2947 829 3017 repetenda
858 2947 973 3000 fortasse
995 2953 1036 3000 est
1053 2943 1147 3015 lingua
1164 2945 1242 2998 nobis

147 3035 163 3069 e
181 3019 272 3085 priore
291 3020 408 3087 vestigio
427 3022 567 3084 orationis,
586 3020 613 3072 h.
633 3037 658 3073 e.
678 3019 882 3072 demonstranda
908 3027 949 3071 est
973 3017 1115 3070 multorum
1133 3015 1242 3070 illoram

96 3091 107 3112 ⁸
145 3091 283 3141 nominum
310 3091 454 3142 concordia
483 3098 510 3142 et
534 3100 680 3143 concentus
710 3100 737 3143 et
757 3107 826 3160 quae
847 3093 883 3142 sit
912 3105 1002 3142 eorum
1022 3089 1151 3140 adunam
1171 3088 1242 3156 quod

148 3161 258 3228 proprie
277 3162 316 3212 sio
334 3163 432 3213 dieitur
450 3162 563 3226 relatio,
591 3163 624 3214 ad
648 3163 764 3214 divinam
784 3163 907 3213 nimirum
933 3161 1007 3212 illam
1027 3167 1054 3211 et
1071 3159 1176 3210 beatam
1195 3175 1240 3212 es.

144 3234 269 3296 sentiam,
286 3248 375 3300 neque
393 3234 558 3300 sequundum
566 3233 722 3286 Ennomium
734 3233 809 3286 illum
823 3234 931 3300 impium
950 3231 995 3300 qui
1013 3245 1067 3281 non
1086 3231 1171 3298 geniti
1188 3245 1241 3280 no.

144 3320 207 3354 men
226 3304 374 3356 divinitatis
400 3306 571 3356 substantiam
598 3305 676 3371 dicit,
696 3321 785 3374 neque
804 3306 948 3358 secundum
972 3311 999 3354 to
1028 3301 1171 3368 putandum
1191 3309 1240 3364 est,

145 3375 301 3427 divinitates
322 3377 473 3426 summissas
498 3377 605 3427 omnino
632 3377 753 3430 diversas
778 3377 812 3428 ab
838 3376 956 3427 essentia
975 3381 1001 3426 et
1029 3374 1161 3424 increatas
1181 3387 1241 3423 esse

144 3448 269 3498 inventas
289 3446 418 3515 fictasque
436 3447 469 3498 ab
496 3447 656 3501 bominibus.
704 3450 791 3500 statim
818 3449 887 3500 enim
918 3453 1011 3498 contra
1029 3442 1105 3502 illum
1124 3441 1241 3494 Basilius

143 3533 257 3586 magnus
277 3518 328 3568 ait:
351 3527 422 3569 “non
443 3521 581 3587 genitum”
602 3522 625 3572 si
643 3535 741 3571 nomen
761 3528 810 3584 est,
829 3527 937 3570 nonest
961 3515 1086 3579 essentia,
1108 3513 1241 3581 esseutia-
1288 3579 1290 3584 Ι

143 3605 202 3640 rum
221 3589 291 3639 enim
318 3590 496 3658 significantia
526 3593 732 3655 mutuamina,
759 3606 814 3642 non
839 3591 897 3656 ipsa
923 3588 1074 3650 essentiae,
1093 3587 1135 3638 siu
1153 3592 1241 3636 autem

143 3660 230 3726 ipsum
252 3667 322 3710 “non
341 3663 479 3729 genitum'
492 3667 541 3713 'est
559 3665 684 3728 essentia,
708 3664 816 3714 dicunto
835 3675 933 3712 nomen
954 3661 1027 3710 eius:
1045 3671 1099 3708 non
1118 3656 1188 3707 enlm
1207 3670 1241 3706 ex

144 3731 275 3783 essentiis
293 3732 340 3782 sod
360 3733 534 3784 enominibus
554 3742 580 3785 et
599 3734 752 3785 efficientiis
771 3731 947 3800 intelligimus
967 3737 994 3781 et
1013 3730 1126 3780 maxime
1146 3728 1240 3778 inoor.

142 3816 237 3868 porea.
275 3803 351 3854 vides
372 3805 467 3868 exiis,
488 3819 556 3872 qnae
575 3806 722 3868 accedunt,
742 3805 832 3855 dicere
853 3802 929 3854 illum
949 3818 982 3852 ex
1001 3799 1155 3852 efficientiis
1176 3813 1239 3850 cor.

141 3874 217 3940 poris
236 3872 320 3924 instar
338 3876 467 3941 inspectis
486 3877 545 3927 sive
561 3875 643 3927 laetis
664 3883 690 3926 et
709 3874 835 3942 operibus
854 3887 903 3924 nos
923 3871 1061 3924 declarare
1079 3873 1240 3938 incorporea

142 3953 170 3995 et
191 3958 261 4011 qnae
279 3959 334 3995 non
353 3954 506 3998 cernuntur.
544 3949 637 4014 accipe
656 3953 798 4013 praeterea
817 3960 886 4012 quae
905 3945 983 3995 etiam
1003 3942 1148 4012 Gregorius
1167 3941 1239 4007 itys.

140 4031 221 4069 saeus
245 4015 278 4066 do
296 4017 447 4068 nominibus
466 4019 553 4070 dieat:
581 4026 675 4068 natura
693 4017 796 4082 divina,
816 4015 943 4084 quidquid
963 4017 1124 4066 estuatione
1143 4029 1240 4066 esseu-

139 4088 196 4138 tiae
219 4085 318 4151 babim,
337 4103 390 4138 una
410 4095 450 4139 est
467 4088 581 4156 simplex
600 4097 627 4139 et
644 4088 785 4139 uniformis
806 4095 832 4138 et
852 4087 1028 4153 incomposita
1048 4094 1075 4137 et
1094 4093 1168 4137 entra
1185 4099 1238 4136 no-

140 4166 224 4212 stram
244 4159 510 4210 animadversionem.
549 4168 576 4210 et
594 4159 720 4228 quoniam
738 4158 797 4210 sola
808 4173 877 4226 quae
895 4157 1085 4226 intelliguntur
1102 4157 1239 4208 nominum

139 4229 256 4282 vocibus
274 4231 471 4298 significamuse
490 4246 558 4298 quae
576 4238 663 4282 autem
682 4245 761 4297 supra
777 4229 987 4297 intelligentiam
1006 4236 1076 4292 sunt,
1099 4243 1154 4280 non
1173 4241 1239 4293 pos-

138 4316 233 4355 sumus
252 4301 464 4369 significantibus
482 4301 708 4368 appellationibus
727 4300 882 4369 complecti,
901 4300 990 4352 multis
1010 4309 1036 4351 et
1053 4301 1167 4351 diversis
1186 4311 1238 4347 no*
1323 4333 1334 4369 5

138 4372 259 4433 minibus
278 4380 409 4442 quatenns
428 4373 494 4425 lieet
510 4373 636 4426 revelare
655 4373 775 4445 cogimur
792 4374 898 4428 insitam
916 4371 995 4425 nobis
1013 4372 1047 4424 (le
1067 4371 1176 4422 numine
1195 4367 1238 4419 di-

232 4472 395 4548 neopum
406 4471 516 4546 (tropos.
540 4469 663 4528 totali.
1019 4468 1052 4530 19
