3184 5100
335 402 410 480 298
519 402 522 409 ’
636 406 861 481 nscmnonl
890 402 1119 473 orodonas

268 579 322 635 ss
335 572 458 657 πάσχον
481 568 551 658 εἴη,
572 568 608 638 τέ
626 574 773 655 ἐνεργοῦν
796 572 854 635 οὐκ
877 566 976 635 ἔσται.
1020 571 1160 653 ἐνέργεια
1190 569 1392 650 λέγεταικαὶ
1416 566 1437 653 ἤ

332 674 411 759 πρὸς
434 676 613 759 φαντασίαν
636 671 878 759 άντιέιηρημένη
905 668 1040 753 ἀλήθεια
1063 664 1143 733 κατά
1166 663 1222 733 τάν
1244 672 1333 733 θεῖον
1357 670 1438 735 Κά-

332 782 458 858 ριλλον,
488 772 531 848 ὥς
553 772 704 865 ε’νρὶκηοεν
728 770 744 834 ὁ
768 776 855 846 θεῖος
887 769 1015 854 λόγος’
999 796 1033 836 ον
1055 772 1093 858 τῇ
1117 769 1276 895 ιιανάγγηι
1292 768 1436 859 θεοτόκφ

333 869 372 940 οὗ
408 874 535 995 dominas
564 874 632 938 ἄλλ’
668 868 809 963 ἒνεργεέρ
846 869 948 937 εἶ’τονν
980 869 1124 961 άληθεάρι.
1174 873 1316 954 ἐνέργεια
1336 877 1436 957 λέγε-

292 973 301 986 ’
332 1002 383 1043 ται
405 972 482 1042 κατά
503 976 557 1041 τόν
574 974 700 1040 θεῖον
685 998 720 1038 εκ
745 970 921 1055 Δαμάσκοο
941 971 1090 1057 Ἰωάννην
1111 975 1166 1036 και
1183 968 1218 1035 τό
1243 974 1375 1055 πρῶτον
1400 977 1458 1041 ε’νὸ

331 1078 408 1162 ἡμῖν
429 1076 655 1157 συνιστάμενον
677 1074 799 1159 νόημα,
831 1076 885 1139 κοτέ
905 1072 954 1140 ἔτι
976 1074 994 1157 ἦ
1018 1072 1072 1138 διά
1096 1069 1235 1157 γλώττης
1256 1098 1320 1139 των
1340 1099 1435 1141 νοον-
1505 1078 1506 1123 ἒ

329 1182 433 1261 μένων
460 1181 650 1266 φανέρωσις.
693 1174 832 1261 σάνηθες
856 1176 885 1239 d’
908 1173 966 1257 ἔτι,
988 1180 1076 1261 φησί,
1098 1172 1153 1239 aas*
1169 1178 1204 1261 τῇ
1227 1179 1300 1265 θεάφ
1320 1180 1434 1263 γραφῇ

330 1280 386 1346 καὶ
406 1279 465 1364 τη“ν
483 1285 540 1346 τοῦ
560 1280 640 1343 θεοῦ
661 1277 892 1361 παραχωρησιν
914 1282 1014 1359 λέγειν
1029 1280 1199 1360 ἐνέργειαν.
1235 1279 1436 1358 λέγεταικαὶ

330 1381 450 1465 πλάνης
472 1378 614 1464 ἐνέργεια
627 1371 734 1462 ὥσπερ
757 1381 812 1443 καί
824 1374 995 1460 δαιμόνων,
1010 1374 1097 1441 καθά
1118 1380 1172 1441 καί
1194 1374 1210 1440 ὅ
1232 1380 1319 1451 θεῖος
1334 1380 1432 1458 Χρυ-

331 1479 486 1562 σάστομος
517 1485 551 1545 έν
571 1490 642 1555 ταῖς
663 1484 739 1560 περὶ
769 1478 994 1561 άκαταλὴπτοο
1016 1477 1120 1560 λόγοις
1149 1473 1229 1562 ὑπὲρ
1253 1480 1317 1541 τοῖν
1339 1462 1433 1562 imp-
1444 1489 1474 1542 10

329 1586 493 1666 γονμένων
514 1574 671 1666 εὔχεσθαι
693 1588 862 1665 παραινεῖ,
885 1583 948 1644 redo
976 1576 1201 1659 έοιμονοέντοιν
1229 1580 1349 1665 optati
1375 1582 1433 1645 ani

328 1683 523 1767 μεμηνότων.
575 1683 628 1748 καὶ
649 1688 782 1759 Παῦλος
815 1676 962 1747 oswod
984 1679 1046 1744 ων”
1075 1678 1251 1765 φησί“τη’ν
1272 1672 1431 1765 άλήθειαν

307 1782 390 1881 ιοάκ
409 1786 563 1908 ε’έὲξογτο,
585 1788 706 1866 πέμψει
728 1784 837 1857 αάτοῖς
857 1784 1017 1865 ἐνέργειαν
1032 1779 1151 1867 πλάνης
1172 1782 1217 1857 εἰς
1238 1780 1273 1846 τά
1297 1786 1430 1847 πιοιεῦ.
1453 1829 1472 1871 ρ

329 1909 384 1950 σαι
409 1883 546 1959 adroic?
548 1882 660 1950 'diti
684 1887 739 1949 καί
758 1908 817 1969 την
839 1906 892 1949 τον
878 1879 991 1961 ζώον
1013 1886 1119 1947 πᾶσαν
1136 1885 1315 1965 οικονομιάν
1334 1884 1430 1969 ένέρ-

309 2008 416 2068 -γειαν
438 2009 467 2049 οι
488 1980 575 2107 άγιοι
599 1990 709 2073 φασίν,
732 1983 836 2052 εἴιοον
860 1984 917 2060 τὰς
954 1980 1087 2062 ζωτικάς
1121 1983 1272 2065 δυνάμεις
1305 1984 1361 2061 τάς
1395 2009 1429 2051 τε
1441 1992 1472 2045 15

329 2082 439 2169 νοεράς
459 2110 511 2150 και
508 2081 731 2173 αιόθητικάς.

263 2204 319 2257 42
434 2188 600 2253 Τοσοάτων
630 2184 670 2271 δη
693 2211 743 2253 σοι
776 2188 990 2310 προκειμένων
1025 2189 1267 2272 σημαινομένων
1296 2179 1377 2271 άπερ
1410 2186 1428 2271 ἡ

329 2289 384 2371 τῆς
406 2291 565 2371 ἐνεργείας
585 2279 814 2371 ὅμοάννμος’
777 2311 857 2353 ονσα
879 2292 1026 2373 σημαίνει
1049 2284 1154 2373 φωνή,
1176 2288 1242 2363 πῶς
1263 2292 1430 2371 παρατρέ-

87 2463 96 2472 g
197 2385 568 2473 simplicissimos
599 2395 658 2474 την
679 2394 794 2474 γνῶσιν
823 2384 1036 2476 καταφεύγεις
1070 2390 1122 2473 ἐφ’
1150 2381 1229 2471 άπερ
1264 2387 1322 2450 οάκ
1343 2384 1430 2453 ἔστιν

318 2494 361 2556 ’ἐν
390 2498 461 2567 ταῖς
496 2498 657 2577 γραφαῖς,
689 2494 744 2556 καί
770 2494 872 2575 λέγειν
906 2498 1118 2576 συκοφαντεῖς
1149 2486 1207 2565 τάς
1239 2487 1367 2576 γραφάς
1388 2488 1426 2555 τά
1438 2499 1471 2555 20

328 2587 438 2656 τοιάδε
446 2618 459 2672 ,·
481 2595 545 2654 τιοῦ
566 2588 627 2674 γάρ
640 2594 808 2678 διαφέρειν
830 2585 911 2666 ὅλως
932 2593 1032 2675 φησὶν
1055 2587 1300 2676 ὅΔαμαοκηνός
1320 2589 1429 2656 Ἰωάν-

226 2741 230 2751 .
328 2716 384 2785 νης
416 2693 472 2778 τῆς
500 2693 650 2760 α’κτέστοο
683 2690 811 2781 φάσεως
846 2688 905 2776 τὴν
926 2684 1069 2758 άκτιστον
1105 2689 1219 2778 ταύτης
1255 2694 1427 2778 ἐνέργειαν,

325 3042 370 3082 res
391 3025 514 3080 efficiens
533 3040 588 3078 non
609 3025 669 3081 erit.
708 3024 854 3078 afficientia
873 3023 970 3077 dicitur
989 3024 1068 3076 stiam
1086 3023 1185 3076 visioni
1206 3024 1330 3091 opposita
1348 3025 1424 3078 veri.

326 3107 367 3154 tas
385 3098 530 3158 secundnm
563 3099 683 3152 divinam
702 3095 848 3165 cyrillum,
868 3103 1021 3150 diversata
1045 3103 1085 3148 est
1111 3096 1179 3147 ratio
1199 3095 1289 3148 divina
1309 3097 1337 3147 in
1360 3111 1425 3148 son.

327 3171 445 3224 ctissima
464 3169 571 3236 virgins
591 3170 649 3239 (dei
667 3174 783 3239 matrs),
802 3185 857 3222 non
883 3169 975 3236 specie
993 3167 1039 3220 sed
1060 3167 1206 3220 efficientia
1225 3168 1284 3219 sire
1300 3168 1424 3220 veritate.

327 3241 475 3296 efficientia
493 3241 590 3294 dicitnr
606 3241 751 3292 secundnm
768 3241 888 3294 divinum
901 3241 1026 3294 loannem
1037 3239 1228 3292 Damascennm
1243 3239 1323 3290 etism
1341 3240 1426 3306 prima

326 3315 354 3368 in
366 3313 444 3366 nobis
455 3320 581 3364 constans
595 3313 734 3380 cogitatio,
754 3321 782 3364 st
796 3327 875 3380 porro
888 3311 1035 3364 declaratio
1052 3311 1226 3378 cogitatorum
1246 3325 1315 3378 qaae
1333 3311 1425 3378 lingna

327 3386 454 3438 efficitur.
503 3384 669 3435 consuetudo
688 3397 789 3459 porro,
809 3385 911 3451 inquit,
933 3384 1011 3434 etiarn
1033 3382 1140 3434 divinae
1158 3383 1325 3448 scripturae,
1346 3383 1425 3433 etiarn

327 3458 370 3510 dei
390 3454 583 3540 indulgentiam
602 3455 694 3505 dicore
705 3451 894 3506 efficientiam.
938 3455 1035 3507 dicitnr
1061 3455 1139 3506 etiam
1161 3455 1259 3506 erroris
1280 3453 1427 3506 afficientia

326 3537 357 3580 nt
376 3529 455 3582 etiam
473 3527 646 3597 daemonnm
676 3534 706 3577 nt
725 3526 804 3576 etiam
829 3525 935 3577 divinus
962 3525 1198 3590 chrysostomus
1191 3540 1219 3576 rn
1246 3525 1279 3576 iis
1308 3540 1373 3590 quas
1393 3525 1426 3576 de

325 3588 558 3667 incomprehensis
575 3597 683 3662 scripsit
702 3597 867 3648 orationibus
887 3605 917 3648 nt
935 3611 984 3664 pro
1005 3597 1110 3648 eiiectis
1130 3611 1235 3668 oremus
1255 3596 1357 3660 suadet,
1375 3596 1426 3648 de.

324 3671 457 3723 mentibus
478 3670 603 3720 nimirum
622 3675 650 3718 et
668 3667 829 3720 furentibus.
878 3677 957 3736 atque
978 3667 1092 3731 Paulus,
1115 3669 1186 3736 quia,
1200 3661 1303 3736 inquit,
1322 3667 1426 3720 verita-

297 3741 304 3753 '
325 3750 378 3793 tem
397 3757 451 3794 non
471 3747 645 3807 aeceperunt,
666 3740 754 3790 mittet
772 3740 806 3791 iis
832 3740 1004 3793 efficientiam
1029 3739 1128 3792 erroris
1152 3755 1237 3807 usqne
1257 3738 1317 3790 dnm
1336 3739 1427 3790 credi.

326 3813 422 3866 derint.
461 3812 509 3863 sed
530 3812 608 3862 etiam
628 3818 709 3863 totam
728 3810 850 3864 animalis
870 3811 1127 3864 administrationem
1146 3819 1172 3862 et
1201 3810 1427 3877 dispensationem

297 3887 306 3902 ‘
326 3883 498 4006 cidoglentiam
516 3883 602 3936 sancti
623 3891 731 3949 vocant,
753 3884 813 3936 sivo
831 3883 941 3937 vivendi
963 3884 1054 3948 vires,
1076 3889 1103 3936 et
1121 3881 1293 3952 intelligendi
1315 3889 1342 3932 ct
1360 3895 1425 3934 ssn-

325 3954 381 4006 tien
401 3954 418 4006 ’.

427 4048 492 4102 Cam
512 4049 596 4117 igitur
612 4057 653 4103 tot
676 4051 887 4118 significationes
909 4051 957 4103 tibi
983 4051 1138 4119 propositae
1158 4051 1227 4115 sint,
1254 4063 1319 4118 quas
1339 4049 1428 4117 signi-

326 4122 390 4174 ficat
409 4134 472 4183 nox,
495 4122 589 4172 eodem
608 4129 689 4188 atque
702 4123 847 4174 efficientia
865 4122 1115 4190 nominepraedita‚
1136 4123 1222 4190 quiin
1240 4122 1430 4206 praetermissa

325 4191 446 4244 omnium
467 4192 624 4259 cognitione
646 4193 774 4260 coniugis
790 4195 823 4245 ad
842 4209 902 4258 ens,
922 4210 990 4263 qnae
1009 4195 1036 4244 in
1055 4193 1193 4260 scripturis
1210 4207 1265 4244 non
1283 4193 1429 4261 reperiun-

330 4272 392 4328 tur,
420 4271 446 4314 et
473 4264 617 4330 scripturas
643 4262 707 4314 taiia
736 4265 828 4316 dicare
853 4266 922 4319 salso
954 4265 1111 4317 criminaris.
1156 4263 1202 4316 nbi
1228 4264 1298 4315 enim
1323 4264 1431 4316 differre

325 4335 440 4390 omnino
472 4334 537 4390 dicit
562 4333 678 4393 ioannes
697 4335 876 4395 damascenus
904 4337 936 4394 ab
954 4338 1073 4396 increata
1098 4342 1192 4392 natura
1209 4337 1355 4391 increatam
1374 4335 1431 4392 eins
