3184 5100
252 316 476 453 nnnomnu
499 382 759 473 umummuu
773 389 909 456 mar.
937 311 1124 456 uo-aat.
1202 382 1276 458 aaa

179 573 234 615 ναι
254 549 355 636 λέγειν
376 552 434 616 νύν
457 552 613 616 ἐνταυθοῖ
629 552 685 615 καί
699 546 812 635 ἦμῖνδ
832 552 933 615 πύλαι
946 549 1022 629 θεὸς
1046 548 1100 618 διὰ
1120 555 1185 617 τού·
1196 577 1276 637 προ·
1352 554 1360 568 “

181 650 284 737 φήτσυ
308 650 481 738 φθύγγεται
499 649 647 736 Ἰεζεκιὴλ
662 638 736 737 περδ
754 649 973 742 Ἰερουσαλήμ.
992 650 1100 718 “cini’‘
1120 652 1181 739 γάρ
1197 676 1277 739 φησι

176 747 279 835 “apic
299 749 355 836 τὴν
378 750 541 837 θυγατέρα
561 749 617 836 τὴν
641 751 789 817 ἀσύνετον
809 750 1036 842 Ἰερουσαλήμ·
1088 752 1146 834 σύχ
1169 750 1276 840 ἥμαρ-

178 873 230 915 τεν
250 850 377 938 ύδελφή
399 876 457 916 σου
479 854 611 936 Σόδομα
632 849 712 917 κατὰ
730 851 768 917 τύ
792 852 924 939 ἡμίσεια
936 856 998 919 τῶν
1022 852 1186 941 ἁμαρτιῶν
1206 879 1276 933 σου,

152 952 235 1018 dxci
266 952 440 1039 ἐδικαιώθη
471 954 602 1037 Σόδομα
632 955 666 1017 ἐκ
689 954 786 1025 „cod”
836 953 979 1043 τουτέστι
1005 949 1136 1039 Σόδομα
1168 958 1276 1023 δίκαια

102 1084 107 1091 ·
180 1054 249 1118 ἐστί
271 1052 352 1118 κατὰ
373 1054 538 1141 σύγκρισιν
560 1055 638 1139 σήν,
668 1050 712 1132 ιδς
743 1052 871 1131 δθεΐσς
894 1045 1009 1141 φύσκει
1035 1056 1342 1179 vaodoc‘opocfflg

180 1150 302 1218 ἔστιδὲ
326 1153 382 1218 ούκ
405 1151 533 1238 ἄδηλον,
556 1148 659 1275 οἶμαι,
685 1157 850 1280 φρονίμων
871 1154 998 1221 ούδέσιν
1018 1156 1195 1244 cindpoir‘
1168 1182 1213 1234 ως
1233 1160 1278 1235 εἰς

177 1251 234 1337 τὴν
252 1252 430 1337 μυθικὴν
415 1255 535 1339 εκείνην
563 1254 633 1352 ἔριν
661 1280 715 1321 και
745 1246 832 1319 ουτοι
858 1279 914 1339 την
933 1256 1068 1373 μιμησιν
1097 1256 1276 1344 ἀναφέρον-

177 1376 238 1431 τες,
257 1350 375 1480 μετοιξύ
394 1351 451 1438 τὴν
476 1356 679 1441 διαίρεσιν’
660 1356 729 1421 αντι
745 1356 860 1485 μήλου
890 1358 940 1481 ap*
952 1358 1008 1421 τού
1037 1356 1190 1435 ἔθνονς’
1175 1382 1278 1444 cnap-

133 1474 169 1529 10
175 1460 234 1543 χια
258 1455 379 1519 ἐκείνου
397 1453 670 1585 παρέρριφαν,
636 1480 693 1541 την
715 1458 775 1539 μὲν
795 1458 875 1540 μιάν
892 1458 937 1534 εις
959 1458 1014 1522 δύο
1037 1460 1190 1535 διελόντες
1210 1484 1279 1545 μη..

176 1553 350 1640 τρσπύλεις,
370 1551 522 1630 τὰςδ
502 1561 556 1619 υπ’
579 1557 698 1641 ἑκεινην
719 1556 895 1635 ἐπισκοπύς
923 1554 1058 1623 ἄλλοθεν
1081 1556 1196 1623 ἄλλοθι
1213 1582 1273 1641 με·
1315 1580 1318 1589 “

179 1778 278 1877 φασιν
299 1752 450 1839 ἐριδσς”
430 1778 566 1839 εμμσνον
586 1754 695 1836 ἔχωσι,
717 1758 772 1822 καί
793 1756 861 1841 ἅμα
884 1756 1079 1844 ἀνύγκηνιύς
1100 1782 1145 1835 εις
1162 1762 1274 1842 μεῖζον
1363 1841 1370 1847 .

176 1852 258 1919 ιε’ναι
288 1852 449 1940 κριτήριον
479 1853 550 1933 τούς
578 1859 633 1940 τῆς
667 1860 1034 1935 Κωνσταντινσυπύλεως
1051 1861 1274 1945 πατριάρχας,

133 1954 356 2039 ς5ἐηκλήματα
376 1955 435 2036 μὲν
456 1961 523 2020 κατ’
547 1955 745 2039 σῖλλήλιον,ε
726 1958 808 2042 νπὲρ
831 1962 860 2022 δ’
889 1951 1012 2023 invado
1043 1956 1128 2043 ἁδρὰ
1158 1961 1276 2045 κομιδῇ

177 2054 357 2136 κομίζοντες
376 2054 548 2140 χρήματα,
571 2052 634 2121 οὔτ’
662 2056 776 2121 ἐκεῖνοι
811 2058 935 2143 φαύλην
958 2057 1028 2123 τινὰ
1047 2058 1103 2123 καί
1118 2054 1276 2143 ἄνανδρον

177 2150 320 2237 σπουδὴν
340 2152 422 2240 ύπέρ
444 2178 480 2240 γε
507 2158 563 2221 τοῦ
593 2154 647 2221 τὸν
670 2158 777 2242 ἕτερον
798 2158 906 2244 ἕτερος
932 2158 1084 2243 παριέναι
1105 2158 1276 2235 δεικνύντες

176 2260 242 2328 τοῖς
262 2256 384 2319 ἐκεῖθεν
405 2256 625 2340 κομιζομένοις
646 2258 709 2321 τῶν
732 2257 845 2343 δύραν
873 2258 1027 2344 πλήθεσιν
1049 2261 1098 2323 ἐπ’
1120 2258 1279 2343 δναλήφει

176 2356 233 2437 τῆς
254 2352 411 2440 ἱερατείας
432 2354 488 2420 καί
517 2358 571 2441 τῆς
598 2358 660 2421 ταῖν
681 2358 862 2423 ἐπισκοπῶν
887 2360 1075 2445 προεδρίας,
1100 2354 1171 2423 οὔθ’
1192 2348 1277 2423 σύτοι

133 2452 330 2540 ηρπρόνοιαν
350 2456 620 2541 ἐρραθυμημένην
640 2458 696 2522 καί
711 2457 976 2524 ύναπεπτωκυῖαν
990 2462 1023 2525 ἒν
1043 2461 1162 2536 τούτοις
1185 2456 1276 2543 δίγον-

177 2580 227 2634 τες
250 2555 329 2640 πρός
349 2581 385 2641 γε
406 2555 440 2621 τδ
463 2559 620 2643 ἐρεθίζειν
630 2581 664 2622 τε
676 2558 973 2646 καύύναρριπίζειν
996 2563 1040 2640 εἰς
1060 2558 1109 2626 ὅτι
1130 2566 1278 2624 πλεῖστον

177 2653 234 2740 τη’ν
257 2656 361 2741 φλόγα
382 2659 437 2742 τῆς
458 2656 573 2744 ἔριδος,
597 2657 678 2723 α’λλύ
698 2657 819 2744 πολλὴν
845 2663 900 2727 καί
924 2662 1081 2749 διύφορσν
1100 2659 1275 2746 ἐπισωρεύ-

179 2779 263 2833 οντες
284 2753 525 2841 ύπεκκαύματος
549 2757 638 2844 ύλην,
660 2760 748 2844 μύλα
771 2759 923 2845 ἀνύσιμον
946 2764 1060 2851 σφίσιν
1082 2764 1275 2848 αἰσχροκερ-

180 2856 267 2934 δείας
288 2857 419 2945 ἐφόδιον
448 2859 623 2946 γινομένην.
659 2858 735 2927 δ’θεν
756 2861 812 2926 καί
833 2859 936 2952 ῥᾷστα
955 2863 1156 2950 περαίνοντες
1177 2861 1341 2936 dccci-n

180 3134 251 3204 quod
276 3141 443 3188 auctoritatis
469 3142 497 3188 et
514 3136 649 3205 dignitatus
672 3136 770 3189 bonum
799 3135 895 3188 iuerat.
938 3136 975 3187 ita
1002 3135 1101 3188 utiam
1120 3134 1174 3187 dici
1193 3134 1279 3201 poscit

180 3207 249 3274 apud
269 3221 329 3271 noo,
348 3208 419 3274 quod
439 3205 501 3258 olim
520 3208 584 3260 deuo
599 3224 647 3275 per
665 3203 822 3275 proplietam
831 3205 960 3260 Ezechiel
979 3207 1011 3259 da
1029 3205 1215 3272 Hierosolyma
1233 3203 1279 3256 lo-

181 3287 257 3330 cutus
277 3286 336 3330 εειι
356 3277 488 3346 loquere,
508 3279 607 3346 inquit,
627 3279 659 3330 ad
686 3279 767 3330 liliam
786 3279 978 3346 imprudentem
1000 3276 1205 3343 llieroaolyma·
1224 3289 1279 3326 non

181 3350 308 3417 peccavit
330 3358 462 3402 aorortua
479 3350 591 3403 Sodoma
613 3351 645 3402 ad
666 3350 801 3401 dimidium
821 3348 990 3417 peccatdrnm
1009 3356 1113 3400 tuorum
1133 3355 1160 3398 et
1179 3347 1279 3398 iustili-

181 3429 239 3472 cata
251 3428 291 3473 eat
301 3420 414 3473 Sodoma
437 3437 470 3472 ex
488 3429 525 3486 te,
546 3421 597 3472 hoo
620 3429 670 3486 eat,
690 3421 803 3473 Sodoma
822 3422 890 3472 iuata
908 3428 949 3472 eat
966 3429 1052 3472 tecum
1073 3426 1232 3486 comparata,
1249 3423 1280 3468 ut

180 3492 212 3545 D.
235 3491 439 3559 chrysostomus
461 3492 534 3544 dicit.
583 3507 637 3543 non
666 3501 752 3544 autem
775 3493 916 3544 obscurum
942 3500 1006 3558 puto
1027 3506 1086 3542 eoae
1104 3487 1278 3557 prudentibna

180 3563 256 3627 viria,
278 3564 495 3632 quemadmodum
521 3563 563 3614 illi
591 3565 724 3631 antiquam
753 3563 822 3615 hanc
842 3564 918 3616 litem
944 3564 1039 3614 imitati
1058 3561 1182 3612 haeresin
1202 3559 1278 3628 quasi

180 3633 276 3684 malum
296 3635 324 3685 in
344 3636 432 3703 gentio
451 3635 674 3702 illiueimperium
696 3635 857 3699 iniecerunt,
877 3650 929 3686 una
951 3635 1051 3685 induar
1071 3633 1157 3684 diviua
1175 3639 1278 3682 metro-

178 3703 245 3772 poli,
264 3704 338 3756 illino
357 3707 491 3773 episcopia
512 3707 563 3757 huc
576 3705 642 3757 illuc
663 3706 788 3770 dimissio,
807 3707 844 3757 ita
862 3713 892 3758 ut
910 3707 955 3773 qui
974 3705 1022 3756 hae
1040 3703 1162 3768 obtinept
1178 3717 1279 3769 percn-

177 3791 238 3827 ncm
258 3775 314 3826 litia
336 3791 440 3828 canaam
461 3777 576 3828 habeant
596 3784 622 3827 ct
638 3778 792 3840 necessario
813 3778 845 3828 ad
864 3778 990 3827 maiorem
1009 3775 1193 3827 auctoritatem
1213 3788 1278 3840 per.

178 3847 290 3898 veniant
307 3846 596 3916 constantinopolitani
616 3847 801 3914 patriarchae,
820 3855 944 3916 tanquam
967 3847 1077 3899 crimina
1097 3845 1212 3913 quidem,
1229 3843 1277 3895 aad

178 3917 302 3968 adanam
329 3918 471 3969 utilitatem
490 3920 598 3971 divitiae
624 3920 794 3972 conferentes
820 3919 963 3970 uberrima.
1006 3932 1095 3985 nequo
1118 3931 1228 3984 aegnem
1250 3921 1278 3966 et

178 3988 350 4055 languentem
372 3988 490 4041 laborem
510 3989 668 4054 ostendunt,
693 3998 722 4041 ut
746 3990 817 4041 alter
835 3989 948 4041 alterum
968 3989 1138 4053 anteveniet,
1157 3985 1277 4054 illisqui

178 4059 240 4110 inde
260 4060 389 4112 donorum
410 4061 512 4127 copiam
533 4069 675 4128 apportant
689 4062 722 4114 ad
740 4061 883 4113 obtinenda
901 4076 979 4112 caera
993 4075 1103 4110 munera
1122 4065 1149 4110 et
1168 4058 1277 4126 cpisco-

177 4144 272 4198 porum
305 4131 405 4196 cedes,
437 4147 526 4199 nequo
558 4131 646 4184 levem
684 4139 711 4184 ot
744 4132 921 4184 inconsultam
950 4132 1116 4200 prudentiam
1151 4129 1278 4180 adhibent
1341 4153 1348 4164 ·

176 4202 208 4254 ad
228 4200 285 4254 litia
304 4200 432 4254 flammam
451 4219 527 4272 quam
546 4203 659 4255 maximo
679 4205 844 4256 excitandam
863 4211 890 4255 et
914 4204 1069 4272 augendam.
1091 4201 1138 4255 aed
1156 4215 1277 4268 magnam

176 4281 204 4328 et
226 4274 328 4328 variam
342 4273 448 4328 -inandii
478 4275 614 4330 materiam
636 4283 821 4347 comportant,
841 4277 1004 4348 commodum
1023 4274 1056 4328 ud
1069 4281 1173 4345 turpem
1192 4286 1277 4344 quae·
1351 4303 1363 4328 ι
