3184 5100
291 448 513 519 nrsromsr
538 447 800 522 summaer
825 436 1098 523 xxxo-sa.
1177 448 1251 525 nrt

149 613 365 699 mouerimus*
383 612 528 700 ἔμφυτον
549 612 603 680 s'ui
622 617 701 680 θεοῦ
719 612 871 699 λεγόμενοι
894 614 997 699 άπλῆν
1018 615 1086 701 ἔχει
1107 644 1164 702 την
1186 644 1248 706 ση-

147 719 271 794 munius
301 717 356 778 κοιί
382 716 557 800 μοναδικῆν
587 717 642 781 κατ’
672 720 778 803 μηδὲν·
802 716 934 802 μηδαμῇ
965 719 1250 801 παραλλάττουσαν

147 818 193 902 τρῖ
222 818 277 898 τῆς
312 817 424 891 ου’σιάς
452 819 508 880 κατ’
535 813 867 905 consenescatis
893 819 931 904 τῇ
954 823 1105 906 προφορᾷ
1119 821 1172 903 τῆς
1197 826 1251 885 tt-

149 921 236 995 ξεως.
293 919 415 998 λέγεται
445 920 505 998 μὲν
534 914 595 999 γάρ
628 921 684 983 κάν
702 926 767 993 τοῖς
789 922 955 993 συνθέτοις
976 921 1076 983 ταῦτα
1109 920 1164 985 κατ’
1182 944 1249 986 κτι-

116 1024 243 1097 ficeclo,
264 1017 334 1079 ιι’λλ’
357 1010 395 1079 ori
418 1015 499 1081 κατά
522 1016 578 1081 τάν
599 1020 771 1099 άνοιγκοιῖον
791 1016 848 1083 τάν
874 1018 903 1081 δ’
923 1020 1032 1093 ου’τοῖς
1045 1018 1248 1103 ἐνδεχόμενον

148 1113 275 1199 τρόπον,
296 1108 322 1204 ᾦ
345 1114 381 1180 τά
410 1111 490 1181 εἶναι
517 1122 571 1181 κατ’
589 1115 634 1201 μή
658 1114 872 1184 eleusinam
899 1116 1005 1185 ἒννότε.
1047 1123 1104 1183 καί
1125 1124 1248 1205 πρῶτος

127 1221 207 1298 ’μὲν
228 1216 245 1281 o‘
266 1222 363 1299 μέγας
386 1221 483 1303 φησὶν
504 1218 695 1297 Ἀθσνάσιος
712 1216 879 1294 “άκτιστος
892 1222 1013 1304 πέφυκε
1027 1216 1109 1305 μάνη
1130 1220 1148 1303 ἢ
1173 1218 1247 1305 άγλοι

146 1316 248 1398 τριάς,
268 1316 372 1393 οἷΐδιάς
394 1342 427 1382 τε
449 1317 505 1382 κατ’
534 1311 686 1401 άτρτπτος
709 1324 764 1384 κατ’
782 1320 1024 1395 άνοιλλοι’ωτος.”
1075 1324 1131 1385 κατ’
1150 1312 1248 1397 αὖθις
1306 1378 1309 1385 ,

147 1413 453 1505 άσάτάς“άκτι’στῳ
484 1420 656 1503 προσάγειν
679 1416 813 1506 αὔξησιν
837 1420 949 1502 ἀσεβές
983 1413 1082 1485 ἐστί’
1124 1422 1179 1485 κατ’
1200 1419 1247 1493 ἔτι

95 1515 199 1583 1o“el
223 1515 288 1602 γάρ
310 1513 456 1585 άκτιστον
487 1523 528 1608 τῇ
548 1519 646 1607 φάσει
675 1527 798 1604 λέγεται
829 1514 986 1601 άκτιστον,
1006 1518 1088 1603 μήτε
1114 1516 1246 1605 αὔξησιν

143 1616 221 1701 μήτε
255 1622 427 1686 ἐλάττωσιν
458 1620 717 1703 ε’πιάεχάμενον.”
766 1626 822 1686 καί
849 1628 916 1698 μετ’
947 1616 1050 1704 ὀλίγον
1077 1614 1246 1697 “άκτιστος

145 1714 283 1803 άπαρξις
304 1720 387 1805 μάνη
418 1720 436 1802 ἦ
461 1725 515 1805 τῆς
539 1720 690 1805 θεότητος
722 1722 868 1787 vossius.n
924 1726 980 1786 κατ’
1006 1718 1053 1786 ἔτι
1077 1714 1245 1797 “ά’ντιστοτ
1338 1758 1341 1765 ’

143 1815 227 1903 μάνη
247 1818 426 1904 πάφοκενῆ
462 1821 538 1904 ἁγία
557 1820 649 1903 τριάς
670 1826 726 1905 τῆς
744 1821 925 1906 θεάτητος.”
967 1816 1136 1904 Ἳεάτερον
1168 1817 1246 1883 θεὸν

143 1910 233 1982 οάπω
255 1923 310 1983 κατ’
328 1918 464 2005 τήμερον
483 1918 673 2005 ἀκηκόαμεν.
718 1916 778 1985 άοα
804 1918 872 2003 ἔχει
894 1918 913 1983 ά
933 1920 1050 2002 πατήρ,
1074 1922 1176 1985 ταῦτα
1192 1917 1247 1983 κατ’

95 2017 159 2083 15ὃ
181 2016 261 2100 οἶός,
283 2018 319 2084 τά
337 2016 485 2102 ὕψιστος,
509 2021 545 2085 τὸ
564 2018 728 2102 βασιλεύς,
751 2019 785 2085 τά
804 2020 923 2101 κύριος,
947 2017 983 2084 τά
1008 2020 1242 2104 παντοκράτωρ.

143 2119 160 2183 ά
181 2117 244 2204 γάρ
267 2120 348 2184 κπτά
371 2123 472 2207 φάσιν
492 2127 591 2187 τοῦτο
605 2126 661 2186 suc*
681 2120 856 2196 άκτιστος.”
895 2114 1061 2187 “άκτιστον
1080 2120 1135 2185 κατ’
1153 2120 1308 2189 daal-ra

141 2244 241 2302 μπτον
262 2222 318 2284 κατ’
350 2223 448 2307 φάσει
476 2221 613 2304 άάρστον
634 2216 732 2303 μόνον
751 2220 785 2286 τά
807 2225 896 2285 θεῖον
917 2220 1016 2287 ἐστι’.”
1063 2219 1166 2306 “μο’ννρ
1188 2221 1243 2304 τῆς

139 2324 269 2396 κτίσεως
290 2318 473 2405 ὑπέρκειται
496 2322 516 2407 ἢ
538 2329 612 2388 θειά
633 2346 667 2388 τε
689 2327 744 2387 κατ’
766 2316 913 2399 άκτιστος
937 2320 1115 2406 φύσιςτοῦ
1136 2321 1244 2386 sicori?

137 2425 197 2487 κατ’
215 2426 272 2507 τῆς
292 2428 353 2503 μὲν
374 2423 523 2489 controv
542 2424 669 2510 φάσεως
688 2422 744 2507 τήν
765 2420 859 2507 lycus
881 2422 997 2507 τριάδα
1018 2419 1242 2508 διωρισάμεθα

89 2516 235 2604 weitos,
254 2515 311 2607 τῆς
332 2528 369 2589 δὲ
389 2528 515 2610 κτιστῆς
534 2525 636 2592 πάντα
660 2522 722 2591 ὅσοι
742 2528 815 2607 μετ’
835 2527 959 2611 ἐκείνην
985 2525 1112 2608 λέγεταί
1129 2546 1163 2590 rs
1185 2522 1241 2588 κατ’

137 2621 205 2689 ἔστι
226 2627 282 2688 κατ’
304 2625 500 2708 ὀνομάζεται.
543 2628 693 2692 άκτίστου
715 2625 795 2710 πρὸς
819 2620 968 2691 άκτιστον
988 2626 1044 2690 οάκ
1065 2619 1105 2688 άν
1121 2649 1168 2700 τις
1189 2629 1269 2690 s’u-r.
1279 2636 1360 2696 1351.

137 2725 263 2808 νοήσειε
284 2729 454 2811 διαφοράν.
497 2726 576 2811 μάνη
601 2731 635 2792 cli
658 2724 677 2812 ἦ
697 2720 841 2804 άκτιστος
857 2728 953 2813 φάσις
976 2728 994 2810 ἦ
1015 2729 1050 2792 ἐν
1071 2723 1169 2809 πατρὶ
1186 2723 1242 2790 κατ’

136 2823 199 2916 υἱῷ
220 2826 275 2891 κατ’
304 2827 384 2915 stylus
420 2827 579 2910 πνεύματι
612 2832 821 2914 πιστευομένη
855 2831 1004 2913 κρείττων
1032 2828 1103 2894 ἐστι’
1134 2823 1237 2911 πάσης

211 3029 254 3084 13.
268 3033 432 3088 Βασιλείοο.
522 3031 564 3085 16.
584 3032 738 3104 Χορλλλου.

135 3203 226 3268 ipsum
247 3201 368 3270 intelligi
385 3211 476 3270 potest
492 3219 573 3256 nuum
591 3220 651 3257 esse
670 3205 819 3256 increatum
837 3217 926 3271 neque
944 3215 1009 3254 vcro
1028 3197 1121 3265 muita,
1140 3199 1237 3254 deinde

137 3289 197 3324 corn
218 3276 360 3326 essentiam
380 3283 408 3326 et
426 3275 570 3328 essentiale
589 3285 616 3328 et
634 3274 809 3328 substantiale
840 3282 867 3325 et
884 3281 1004 3325 naturam
1024 3279 1051 3323 et
1069 3271 1191 3324 naturale
1211 3279 1237 3322 et

136 3347 257 3396 innatum
275 3347 309 3396 rle
327 3347 378 3397 deo
397 3347 596 3412 praedicamus,
627 3347 695 3400 haec
722 3345 870 3413 simplicem
891 3346 946 3398 vim
964 3343 1064 3395 habere
1086 3351 1113 3394 et
1131 3343 1236 3394 unicam

134 3432 227 3483 neque
249 3415 306 3468 ullo
326 3419 433 3469 omnino
451 3419 529 3470 modo
548 3418 715 3474 differentem
732 3418 766 3469 ab
786 3417 919 3470 essentiae
941 3425 968 3468 et
985 3421 1096 3467 naturae
1113 3415 1234 3477 notione,

134 3489 190 3539 nisi
208 3488 324 3538 nominis
342 3490 575 3554 pronunciatione.
619 3491 805 3557 praedicantur
831 3489 901 3540 enim
923 3487 1002 3539 etiam
1028 3487 1061 3538 de
1080 3485 1234 3552 compositis

134 3558 205 3610 haec
232 3566 259 3608 et
284 3561 391 3622 creatis,
416 3575 470 3611 non
494 3569 582 3611 autem
607 3561 778 3625 necessario,
810 3559 857 3612 sed
889 3559 921 3611 iis
947 3557 1120 3610 convenienti
1144 3555 1233 3619 modo,

135 3643 253 3696 quocum
272 3631 396 3698 congruit
415 3632 545 3683 interdum
570 3631 641 3698 quod
668 3641 709 3683 est
737 3639 764 3682 et
782 3631 851 3699 qnod
870 3645 924 3682 non
950 3638 999 3681 est.
1036 3635 1116 3696 atque
1135 3628 1233 3694 primus

135 3700 244 3767 quidem
263 3716 374 3767 magnus
394 3701 442 3752 ille
463 3702 634 3756 Athanasius.
671 3704 800 3765 increata,
820 3702 915 3770 inquit,
937 3708 978 3752 cst
997 3698 1055 3752 sola
1073 3705 1164 3750 sancta
1184 3697 1234 3748 tri.

132 3773 223 3822 nitas:
245 3779 272 3821 et
290 3779 400 3823 aeterna
422 3780 449 3824 et
466 3773 573 3824 immota
592 3782 619 3824 et
639 3772 820 3836 immutabilis,
841 3780 867 3822 et
885 3786 975 3822 rursus
997 3769 1075 3821 idem.
1113 3769 1233 3820 increato

132 3841 283 3893 attribuere
307 3844 490 3895 accessionem
518 3845 594 3895 neias
620 3853 676 3909 est,
706 3852 733 3896 et
757 3858 857 3910 porro:
885 3843 1030 3893 increatum
1055 3840 1124 3890 enim
1139 3848 1234 3892 natura

132 3928 183 3964 sua
199 3914 297 3964 dicitur
316 3915 465 3966 increatum
491 3931 580 3983 neque
610 3916 792 3966 accessionem
810 3929 899 3981 neque
928 3911 1100 3963 minutionem
1118 3912 1233 3978 patiens,

133 3992 162 4034 et
182 3983 261 4034 brevi
279 3993 359 4050 post:
378 3987 497 4038 increata
517 3988 633 4038 essentia
652 3985 710 4037 sola
729 3993 836 4053 putatur
855 3983 970 4035 numinis
982 3982 1076 4047 divini,
1097 3989 1123 4034 et
1142 3997 1233 4050 porro,

131 4056 254 4106 increata
271 4054 331 4106 solu
349 4057 419 4109 lacta
437 4065 478 4108 est
495 4066 586 4109 saneta
598 4058 703 4108 trinitas
723 4057 776 4108 (lei.
795 4055 908 4108 alterum
926 4053 1134 4114 deumnondum
1154 4054 1233 4105 etiam

131 4125 216 4177 hodie
241 4126 400 4178 audivimus.
452 4145 627 4196 quaeeunque
658 4129 727 4194 patri
762 4134 842 4191 suut,
871 4126 962 4178 eadem
993 4126 1072 4180 etiam
1097 4124 1174 4190 illio,
1193 4131 1234 4176 est

131 4198 205 4248 enim
224 4197 378 4262 altissimus,
397 4215 455 4264 rer,
478 4201 609 4264 dorainus,
629 4200 817 4266 omnipotens:
836 4213 895 4250 nam
911 4205 1005 4250 natura
1024 4213 1072 4250 sua
1090 4196 1132 4248 his
1151 4211 1231 4263 prae.

130 4268 203 4320 ditus
223 4276 310 4320 estet
332 4270 461 4323 inreatus.
498 4273 644 4323 increatum
664 4278 691 4322 et
708 4267 767 4322 sinc
795 4284 908 4337 corpore
935 4276 961 4320 et
978 4277 1073 4321 natura
1094 4265 1231 4320 invisibile

128 4339 221 4397 solnm
240 4347 282 4392 est
299 4355 399 4392 numen
417 4342 546 4396 divinum.
567 4342 626 4396 sola
646 4342 810 4395 creationem
830 4341 936 4412 excedit
955 4339 1046 4394 (lisina
1065 4346 1092 4391 et
1111 4339 1230 4390 increata
