3184 5100
285 426 508 495 armonias
530 424 790 496 omimium
809 430 918 495 xxix.
941 388 989 495 ὄλ
1003 410 1128 497 -5t.
1206 423 1276 496 aci

180 581 281 675 νόμην
311 592 423 675 καίπερ
456 588 548 665 εἶδός
578 591 731 672 ἀκριβῶς.
777 582 869 673 δρκον
882 612 914 655 τε
936 591 1076 676 ἐπέθηκα
1097 592 1133 679 τῇ
1155 590 1282 675 α’παγυ-

179 686 306 774 ρεόοει,
341 691 396 755 καί
429 690 655 776 ἀφωρισμένος
688 688 843 775 ἐδεξάμην
862 684 942 755 εἶναι
970 690 1032 757 sini
1057 695 1204 774 Χριστοῦ
1226 688 1280 755 διό
1385 702 1390 709 ’

180 791 238 874 την
256 793 378 856 ἐκείνου
409 794 520 877 φιλίαν
541 791 563 876 jo‘
601 789 803 874 τρισόθλιος,
833 790 912 874 μήτε
938 789 1139 879 ικολαστήρια
1175 794 1283 866 δείσας

179 894 261 956 θεοῦ
271 938 282 968 ,
325 894 395 976 μήτ’
435 892 561 974 α’νδρῶν
595 893 818 975 πρευματιιιαῖν
855 896 1058 975 παραινέσεις
1091 885 1282 967 αἰδεσθεις.”

154 991 359 1075 δόρξόμενος
384 985 442 1057 οδν
462 997 609 1079 διεξῆλθε
631 995 688 1069 τὰς
713 993 796 1074 όμοό
826 996 869 1084 τῷ
892 993 995 1085 θιόσφ
1017 1000 1079 1060 ταῖν
1103 1000 1349 1071 Masulis-n

180 1096 243 1155 ναόν
264 1099 487 1177 πεπραγμένος
503 1095 659 1177 βεβήλους
690 1100 797 1184 ἐκείνῳ
818 1096 873 1159 καί
891 1094 1042 1179 μυσαρός
1064 1099 1223 1180 ἐργασίας,
1245 1095 1283 1173 dr
1350 1081 1354 1095 ⁵

181 1189 271 1275 αῗραν
293 1193 381 1279 ἔχειν
401 1192 512 1279 ἧκιστό
534 1221 588 1276 μοι
605 1199 697 1261 δοκεῖ
713 1201 788 1261 καθ’
812 1195 929 1261 έκαστα
952 1200 1053 1277 λέγειν
1075 1198 1194 1281 δρτιλας
1216 1195 1283 1279 ἐμέ,

179 1302 238 1380 τῆς
259 1300 321 1362 τεόν
344 1292 449 1361 ἄλλων
471 1296 687 1382 οἷνθελκοόσης
708 1322 749 1378 με
782 1295 1134 1384 βιαιότερονόστορίας.
1180 1296 1283 1379 ἔξεστι

179 1398 246 1481 γόρ
272 1398 372 1462 πόνια
398 1403 472 1463 καθ’
500 1401 632 1463 ἕκαστον
653 1400 888 1485 ἀναλέξασθαι,
920 1400 975 1463 καί
995 1400 1070 1465 νοῦν
1092 1402 1147 1464 καί
1167 1398 1284 1463 σκοπόν

136 1502 237 1565 λθκαί
252 1502 368 1582 πρᾶξιν
387 1502 443 1563 καί
463 1497 554 1581 λόγον
574 1504 631 1565 καί
653 1504 763 1577 κακίας
787 1497 922 1581 δύναμιν
944 1504 1000 1564 καί
1014 1504 1093 1565 θεοῦ
1113 1506 1283 1584 μακροθυ-
1395 1524 1413 1555 f-

177 1602 260 1681 μίοιν
271 1605 326 1666 καί
339 1598 373 1665 εί
385 1626 416 1664 τι
436 1604 590 1681 τοιοῦτον,
613 1598 704 1677 εἴτις
725 1604 848 1667 ἐπιέναι
863 1600 1009 1684 βοόλοιτο
1024 1598 1077 1667 τόν
1095 1626 1129 1666 τε
1150 1599 1283 1685 γενόμε-

179 1723 235 1764 νον
257 1702 410 1785 πρότερον
432 1704 486 1768 ἐπί
505 1706 544 1791 τῇ
563 1706 625 1767 ταῖν
643 1707 723 1769 νέων
738 1706 961 1768 Μοισαλιαναῐν
988 1706 1113 1767 ἐκείνων
1135 1706 1190 1766 καί
1218 1708 1282 1767 Bo·

177 1805 319 1885 γομίλων
338 1802 464 1887 εὑρέσει
488 1809 662 1890 προφανῶς
687 1807 902 1887 ἐλεγχθέντων
924 1806 978 1895 ἐπί
996 1807 1054 1868 τοῦ
1069 1810 1160 1869 θείου
1185 1797 1281 1888 όρους
1367 1860 1369 1867 ,
1401 1832 1402 1839 “

179 1902 237 1967 καί
258 1904 320 1968 τῶν
348 1910 408 1986 μέν
432 1911 652 1971 κολασθέντων
682 1910 744 1970 τῶν
767 1908 795 1968 δ’
828 1908 1030 1985 ἐξωσθέντων
1062 1908 1202 1986 ἐκεῖθεν,
1227 1910 1281 1971 καί

134 1993 249 2085 'ssd'po
271 2002 327 2069 τόν
351 2007 496 2091 δεότερον
525 2012 634 2071 τοῦτον
664 2006 781 2093 δημόν
804 2005 857 2073 ἐπί
877 2009 919 2096 τῷ
951 2005 1073 2097 ἐλεγμηῖ
1094 2010 1155 2071 τοῦ
1177 2012 1278 2091 Σκορ-
1313 2080 1315 2087 y

177 2106 256 2171 πίου
274 2107 465 2191 παραδόξως
488 2106 710 2191 έπισυμβόντα
740 2106 1090 2193 θαυματουργὴσαντος
1122 2112 1178 2174 τοῦ
1200 2112 1280 2173 θεοῦ

176 2210 262 2293 πρὸς
284 2206 342 2292 την
362 2213 418 2274 τοῦ
440 2207 568 2294 πρώτου
588 2215 775 2293 βεβαίωσιν.
820 2214 1010 2277 ἐκτέθεινται
1025 2209 1084 2295 γόρ
1104 2210 1281 2299 ἀμφότεροι

178 2316 216 2378 ἐν
236 2314 281 2399 τῷ
300 2314 383 2375 τέλει
396 2314 451 2395 τῆς
475 2312 639 2397 παρούσης
661 2311 817 2396 ἡμετέρας
836 2316 959 2393 βίβλου,
982 2308 1003 2395 ἢ
1025 2312 1084 2397 την
1102 2312 1302 2395 Ῥωμαϊκήν·

180 2416 331 2493 διέξεισιν
353 2408 512 2499 ἱστορίαν·
563 2416 604 2475 ου’
624 2410 685 2496 γόρ
708 2411 875 2496 ἐκρίναμεν
904 2413 976 2478 δέον
999 2416 1043 2491 εἰς
1065 2409 1177 2498 ἑτέραν
1199 2416 1284 2479 ἐκεί-
1311 2434 1314 2443 ’

134 2527 257 2592 λθνους
276 2520 489 2599 μεταποιῆσαι
513 2516 652 2602 φρόσιν,
674 2515 744 2580 ἀλλ’
767 2510 849 2582 εἶναι
872 2512 952 2580 sord
975 2513 1031 2592 τός
1050 2518 1148 2594 λέξεις
1169 2516 1225 2580 καί
1245 2512 1284 2578 τό

178 2641 223 2703 γε
243 2623 330 2682 nodio
361 2622 416 2682 καί
435 2617 583 2698 κόμματα
605 2619 660 2682 καί
686 2614 726 2682 τό
759 2611 824 2702 ἢθη
845 2619 906 2682 τῶν
934 2620 1062 2683 ἐννοιῶν
1085 2613 1285 2700 α’μεταποιη-
1379 2643 1381 2646 ·

179 2742 278 2799 τους,
311 2718 353 2796 ὥς
377 2714 473 2801 ἔσχον
494 2722 617 2784 έκεῖθεν
636 2716 843 2802 ἐληλυθότες,
869 2719 927 2782 τοῦ
950 2717 1146 2802 α’διαβλήτου
1175 2715 1282 2800 χάριν.

180 2816 266 2903 πλὴν
288 2815 323 2883 ἐν
344 2819 442 2900 μόνον
466 2822 657 2903 σημειωτέον
680 2822 787 2900 τουτί,
818 2817 862 2894 σός
885 2815 946 2882 dud
973 2815 1130 2902 μάρτυσιν
1154 2814 1350 2892 έκείνοιςη

183 3129 367 3182 iusiurandum
386 3127 474 3180 addidi
491 3127 655 3195 professioni
675 3134 703 3180 et
719 3133 858 3195 separatus
877 3125 959 3178 malni
979 3139 1040 3178 esse
1058 3141 1074 3178 a
1092 3126 1198 3181 Christo
1218 3141 1285 3195 pro.

184 3199 247 3270 pter
267 3200 342 3252 illins
362 3200 505 3252 amicitiam
532 3201 695 3252 miserrimus
723 3214 774 3266 ego
801 3213 890 3266 neque
918 3212 1033 3266 poenam
1052 3200 1148 3250 timens
1170 3199 1285 3250 divinam

185 3288 277 3340 neque
305 3273 424 3324 uirorum
455 3271 622 3324 cordatorum
655 3271 856 3323 adhortationes
884 3285 990 3322 verens.
1041 3270 1174 3335 incipiens
1203 3270 1287 3338 igitur

187 3345 327 3396 enarravit
344 3343 562 3396 massalianorum
588 3342 667 3394 simul
694 3344 723 3393 in
743 3342 792 3394 illo
813 3349 892 3394 coetu
920 3349 1022 3409 patrata
1040 3342 1143 3407 impura
1163 3348 1190 3392 et
1208 3341 1286 3392 dete.

187 3415 282 3468 stando
300 3414 439 3478 facinora,
466 3415 586 3482 adquae
612 3415 718 3482 integro
744 3415 875 3466 narranda
893 3428 947 3464 non
974 3415 1039 3465 satis
1057 3411 1121 3464 mihi
1142 3419 1286 3478 suppetere
1315 3403 1318 3409 ’

188 3488 319 3553 temporis
338 3486 460 3551 videtur,
486 3488 565 3539 aliam
586 3488 614 3536 in
634 3494 735 3553 partem
760 3502 804 3536 mo
822 3484 957 3538 violenter
982 3485 1104 3536 trahente
1122 3483 1285 3552 reliquarum

187 3575 278 3612 rerum
299 3559 419 3609 lristoria.
457 3560 523 3610 licet
542 3560 612 3609 enim
633 3557 898 3627 omnia¹singillatim
918 3557 1050 3626 colligere
1078 3563 1237 3606 clarentem
1260 3561 1286 3606 et

190 3631 333 3684 consilinm
352 3638 380 3681 et
396 3632 528 3682 actionem
545 3638 573 3681 et
590 3631 737 3680 orationem
758 3638 785 3681 et
802 3630 865 3681 mali
881 3630 935 3682 vim
956 3638 982 3680 et
996 3629 1039 3679 dei
1058 3627 1285 3694 longanimitatem

190 3713 217 3756 et
236 3705 259 3755 si
279 3703 342 3770 quid
361 3701 435 3768 talc,
454 3704 477 3754 si
495 3703 556 3770 quis
574 3703 649 3753 adire
667 3700 736 3752 velit
754 3718 833 3764 eum,
854 3703 898 3770 qni
921 3703 993 3768 prius
1019 3699 1141 3751 interluit
1159 3699 1286 3749 iuvenum

188 3775 409 3830 Massalianornm
429 3770 537 3826 illorum
557 3773 796 3841 etBogomilornm
817 3772 1025 3839 deprehensioni
1045 3771 1187 3823 manifesto
1206 3784 1286 3820 coar.

189 3856 315 3916 gntornm
333 3847 361 3897 in
381 3848 474 3898 divino
494 3853 594 3911 monte,
614 3838 725 3914 quornm
738 3844 786 3896 alii
799 3845 922 3912 castigati
942 3852 1011 3907 sunt,
1030 3843 1078 3896 alii
1099 3844 1160 3896 inde
1182 3840 1287 3908 expulsi

190 3929 219 3972 et
237 3918 317 3972 simul
335 3920 481 3970 secundnm
502 3919 573 3969 lrunc
597 3919 666 3970 aidit
686 3917 715 3967 in
740 3917 915 3983 coargutione
934 3915 1055 3982 Scorpii,
1074 3922 1286 3983 praeteriorum

190 3990 411 4044 consuetudinem
430 3988 558 4041 miracula
583 3996 704 4056 patrante
731 3989 782 4040 deo
802 3987 834 4038 ad
858 3988 939 4054 primi·
955 3986 1028 4038 illius
1053 3987 1167 4038 hominis
1187 3987 1287 4038 coufir-

188 4062 343 4114 mationem.
387 4062 537 4127 expositum
564 4069 606 4112 est
629 4061 699 4112 enirn
723 4059 757 4110 de
776 4067 890 4126 utroque
915 4059 942 4109 in
961 4058 1013 4109 line
1038 4058 1188 4125 praeseutia
1208 4057 1286 4108 liuius

188 4133 264 4197 libri,
283 4127 428 4184 Romanam
443 4131 581 4183 historiam
600 4133 757 4182 enarrantis.
776 4131 915 4182 nonenim
934 4130 1109 4182 iudicavimus
1126 4143 1193 4196 opus
1217 4143 1287 4192 esse,

190 4208 220 4256 in
238 4204 318 4256 aliam
337 4202 402 4254 illos
419 4202 564 4254 transferre
582 4203 779 4254 narrationem:
807 4203 854 4254 aed
874 4217 923 4269 par
942 4209 1014 4280 εισι,
1029 4217 1089 4254 esse
1106 4203 1134 4252 in
1154 4201 1287 4250 orationi-

194 4277 246 4328 lins
266 4277 349 4346 etiarn·
364 4274 431 4326 haec
445 4273 562 4326 membra
580 4282 608 4326 et
625 4275 724 4338 ἱστίοις
745 4282 774 4326 et
787 4281 908 4326 naturam
927 4275 1118 4328 sententiarum
1135 4270 1288 4324 immutabi-

190 4348 257 4414 lem,
278 4355 308 4404 αι
326 4362 357 4400 so
375 4345 524 4412 habehant,
541 4347 604 4400 inde
622 4348 735 4416 egr-essi·
749 4346 955 4416 descripsimus,
974 4361 1009 4400 ne
1027 4347 1288 4416 interrumperemus,
