3184 5100
279 418 499 487 ursnonma
523 415 782 485 numnarnna
807 418 902 482 xxx.
926 399 1118 481 88-91.
1195 404 1270 480 ειν

167 584 265 649 σικῶν
289 581 399 665 λόγων.
444 577 557 662 ἥντινα
577 581 615 664 δὴ
637 577 781 663 τεχνικήν
802 581 921 665 σοφίαν
941 576 1147 662 παρακατιιάν
1168 570 1267 651 adom

166 683 265 756 αὐτὸς
288 680 386 765 ψιλὴν
407 679 461 745 καί
477 679 698 748 ἀνυπόστατον
721 684 754 745 έν
776 683 822 769 τῷ
843 683 886 767 νηΐ
906 683 1139 763 συνισταμένην
1162 678 1271 764 φησίν,

167 784 285 847 οὑτωσί
306 780 386 847 κατά
410 784 492 861 λέξιν
514 780 728 865 διαγορεάαιν,
763 774 811 845 ὅτι
833 778 884 846 ’τά
914 779 976 863 άπὸ
1011 783 1090 845 θεοῦ
1120 769 1268 863 γεγονότα
1333 811 1336 821 ·

168 878 315 965 γινώσκει
335 882 386 947 τὸν
408 879 485 947 θεὸν
515 882 555 970 τῇ
577 882 746 968 ἀναλήψει,
768 881 811 957 ὥς
845 880 979 967 εἴρηται,
1001 885 1057 965 τῆς
1077 884 1112 947 έν
1134 887 1199 954 τοῖς
1213 902 1268 962 γε-

138 982 276 1069 5γονόσι
297 990 518 1069 θεωρουμένης
533 975 676 1069 τεχνικῆς
698 983 825 1071 σοφίας,
844 981 912 1068 ἥτις
932 987 1002 1049 ἐστι’
1016 982 1095 1067 ψιλη
1111 984 1165 1045 καί
1186 982 1267 1045 α’νυ-

169 1083 322 1161 πάστατος
344 1089 376 1153 ἒν
398 1091 442 1175 τῷ
461 1090 507 1175 νῷ
529 1092 754 1171 συνισταμένη.
808 1089 862 1149 καί
886 1084 1031 1168 άλλαχοά
1053 1080 1149 1147 πάλιν
1173 1080 1336 1162 αάτάςω

155 1180 227 1250 'oda
249 1190 282 1251 έκ
304 1192 358 1270 τῆς
396 1183 508 1261 οάσίας
542 1192 624 1271 φησί
646 1189 702 1253 τὸν
725 1184 803 1251 θεὸν
822 1185 1034 1269 γινώσκομεν,
1066 1183 1136 1247 ἀλλ’
1157 1180 1191 1249 ἐκ
1212 1184 1269 1264 τῆς

169 1292 403 1371 μεγαλουργίας
427 1290 481 1351 καί
503 1291 653 1370 προνοίας
676 1288 739 1351 τιδν
761 1279 879 1350 ὄντων·
923 1283 975 1349 διά
999 1280 1120 1349 τοάτοον
1141 1280 1201 1367 γάρ
1226 1280 1269 1356 ιάς

168 1390 211 1451 δι’
234 1380 398 1473 ἐσόπτρων
419 1386 477 1471 την
507 1380 639 1470 άπειρον
659 1384 845 1471 α’γαθάτητα
868 1383 923 1449 καί
953 1387 1072 1469 σοφίαν
1092 1386 1149 1449 κατ’
1168 1382 1270 1447 δάνα-

119 1500 229 1569 λθμιν,
248 1488 490 1569 ausonensium?
537 1490 638 1551 ταῦτα
671 1485 794 1565 διεξιών
825 1485 1045 1571 άΓρηγοράς,
1069 1480 1186 1575 “oppia'’
1206 1480 1270 1569 ἔφη

167 1587 249 1670 πρὸς
272 1585 326 1651 τάν
344 1590 510 1669 Παλαμάν
543 1580 711 1672 στραφείς
726 1582 834 1665 “άπως
865 1590 954 1654 δυοῖν
982 1590 1194 1669 προκειμένων
1215 1586 1271 1648 do-

81 1742 83 1757 .
167 1684 277 1753 ταάδα
300 1690 515 1773 βλασφημιῶν
545 1693 577 1768 ἐξ
598 1690 736 1773 α’νάγκης
756 1694 815 1778 μιᾷ
839 1688 1053 1771 annuntiarem
1087 1679 1108 1769 ἢ
1127 1682 1190 1768 γάρ
1211 1682 1268 1749 τάν
1281 1705 1300 1759 f,
1313 1706 1400 1764 150„

168 1786 240 1861 υἱόν
261 1789 317 1853 τοῦ
337 1792 428 1870 θεοῦ,
456 1788 514 1873 την
537 1782 630 1865 ὅντως
652 1789 770 1874 σοφίαν
801 1792 844 1855 δι’
865 1781 901 1873 ἧς
924 1792 979 1852 καί
1002 1790 1036 1853 έν
1058 1778 1080 1876 ᾗ
1103 1784 1142 1885 τά
1165 1785 1269 1852 πάντα

167 1889 344 1972 πεποίηκεν,
365 1888 515 1954 άνοάσιον
544 1894 646 1974 λέγεις
679 1890 832 1975 βιότητα,
863 1883 883 1974 ἢ
904 1890 961 1972 τὴν
985 1892 1018 1954 έν
1037 1895 1102 1963 τοῖς
1121 1890 1270 1977 κτίσμασι

118 1998 156 2051 15
166 1986 312 2071 τεχνικὴν
336 1992 453 2075 σοφίαν
475 1983 621 2055 άκτιστον
643 1991 698 2056 καί
718 1991 834 2075 ταύτην
864 1995 918 2055 καί
948 1984 1016 2070 άμα
1033 1983 1181 2053 άνοάσιον
1203 1981 1271 2072 φά-

166 2111 252 2163 mit
274 2090 428 2175 θεότητα·
472 2088 510 2175 ἢν
537 2089 637 2175 ψιλὴν
668 2095 722 2156 καί
744 2090 965 2156 α’νυπόστατον
992 2094 1025 2154 έν
1047 2092 1091 2178 τῷ
1113 2092 1157 2176 νῷ
1177 2111 1270 2152 συνι-

166 2192 324 2274 σταμένην
344 2190 399 2255 τάν
419 2195 508 2256 θεῖον
528 2188 664 2275 α’κήκοας
686 2195 818 2275 λέγοντα
841 2190 1002 2282 Μάξιμον.
1050 2192 1183 2255 τοιαῦτα
1205 2184 1268 2271 γάρ

167 2312 225 2357 σον
250 2288 288 2361 τά
312 2294 375 2357 τῶν
398 2289 524 2357 άτάπων
545 2297 763 2379 καινοφωνιῶν
785 2294 923 2377 αἰσχρά,
955 2295 1010 2356 καί
1030 2287 1113 2357 oriam
1135 2292 1269 2373 σχέτλια

168 2389 206 2455 τά
231 2390 487 2475 συμπεράσματα
517 2398 570 2478 τῆς
591 2400 651 2478 σῆς
676 2398 873 2478 δυσσεβείας.
930 2391 1041 2458 ἔπειτα
1063 2394 1119 2475 ζῆν
1139 2393 1268 2477 τολμᾷς,
1279 2410 1335 2462 ol

119 2502 158 2557 20
169 2491 225 2558 καί
246 2485 409 2560 άναιδέσιν
430 2496 609 2580 ὀφθαλμοῖς
630 2495 687 2580 τὴν
710 2497 866 2580 οὐρανίαν
887 2498 1014 2579 βλέπειν
1048 2494 1212 2574 λαμπάδα,
1232 2488 1267 2554 τά

168 2594 286 2674 σεμνὰν
312 2591 401 2679 ἡλίου
421 2597 594 2683 βλέφαρον,
617 2600 671 2664 καί
693 2598 876 2684 ἀνθρώποις
892 2594 1111 2678 νοάνάχουσιν
1135 2592 1269 2674 δμιλεῖν,
1327 2676 1330 2677 7
1390 2657 1393 2662 ,

166 2693 222 2760 καί
241 2698 296 2759 τοῦ
328 2697 428 2762 adrev*
457 2698 780 2783 συμμεταλαμβάνειν
811 2700 921 2774 αάτοῖς
956 2697 1066 2782 α’έρος,
1096 2690 1268 2777 ὑπόμνημα

171 2998 198 3042 et
217 2988 373 3057 cognitione
392 2988 551 3042 naturalium
564 3005 633 3058 quae
652 2990 679 3041 in
700 2990 734 3042 iis
753 2996 815 3042 suut
831 2989 979 3042 rationumr
1000 3005 1077 3059 quam
1099 2989 1205 3058 quidem
1224 3003 1269 3041 sa.

167 3062 295 3130 pientiam
321 3060 492 3113 artificiosam
517 3061 600 3128 paulo
625 3069 687 3128 post
714 3077 806 3114 rursus
833 3063 892 3128 ipae
915 3069 1023 3113 tenuem
1052 3069 1079 3113 et
1105 3061 1270 3114 substantiae

168 3139 306 3199 expertem
326 3133 354 3182 in
375 3141 464 3184 mente
483 3133 655 3199 compositam
675 3133 754 3196 dicit,
780 3132 832 3183 hoc
855 3133 983 3184 modoad
1004 3131 1115 3185 verlsum
1136 3140 1270 3184 statuens:

168 3219 237 3272 quae
257 3219 272 3253 a
292 3204 343 3254 deo
362 3203 504 3256 laetasint
524 3219 691 3272 cognoscere
713 3203 790 3254 deum
805 3202 1047 3271 comprehensione
1065 3211 1095 3254 ut
1113 3205 1211 3256 dictum
1231 3211 1272 3254 est

166 3275 369 3326 animadversae
394 3276 422 3326 in
441 3277 474 3328 iis
493 3291 561 3344 quae
580 3275 650 3326 iacta
673 3283 735 3326 aunt
754 3275 917 3327 artificiosae
936 3275 1101 3341 sapientiae,
1122 3290 1191 3344 quae
1208 3274 1271 3342 qui.

167 3347 226 3398 dem
247 3353 287 3396 eat
304 3346 392 3398 tenuis
427 3355 453 3397 et
477 3347 640 3400 substantiae
673 3362 769 3413 expers
793 3348 821 3398 in
850 3354 940 3398 ruente
963 3347 1121 3414 composita.
1159 3353 1187 3396 ct
1206 3344 1271 3396 alibi

166 3433 261 3469 rursus
282 3415 347 3468 ille:
365 3432 419 3470 non
442 3421 612 3482 exercentis,
631 3419 727 3486 iuquit,
748 3418 826 3469 deum
845 3419 1043 3486 cognoscimus,
1062 3419 1109 3469 sed
1129 3433 1144 3468 e
1162 3416 1271 3485 magni.

167 3488 276 3540 licentia
304 3497 331 3538 et
355 3490 525 3555 providentia
551 3506 648 3542 rerum.
696 3505 729 3540 ex
748 3489 790 3540 hia
813 3492 884 3541 enim
907 3497 937 3541 ut
965 3505 980 3540 e
1006 3489 1124 3556 speculis
1143 3488 1271 3540 inlinitum

166 3559 314 3612 benitatem
337 3567 365 3610 et
383 3562 540 3627 sapientiam
560 3569 587 3612 et
606 3562 660 3613 viru
678 3560 865 3630 intelligimus.
903 3560 971 3613 haec
988 3569 1147 3628 persecutus
1165 3561 1271 3626 Grego-

166 3647 230 3694 ras‚
251 3631 343 3696 vides,
367 3630 470 3700 lnquit,
490 3634 523 3685 ad
542 3631 672 3684 Palamam
691 3648 858 3697 conversus,
878 3649 936 3684 curu
961 3633 1029 3684 duae
1047 3634 1101 3684 siut
1121 3633 1166 3682 irio
1184 3629 1271 3681 male.

166 3703 300 3755 dictiones
317 3705 483 3769 propositae,
501 3707 656 3756 necessario
669 3706 698 3756 in
712 3704 822 3755 alteram
837 3713 864 3757 te
883 3704 1018 3766 incidere;
1038 3711 1084 3754 aut
1098 3704 1168 3754 enim
1186 3701 1270 3752 lilium

166 3775 227 3837 dei,
248 3774 293 3841 qui
319 3781 359 3824 est
377 3789 442 3826 vera
459 3777 598 3844 sapientia,
621 3791 672 3843 qua
695 3776 766 3826 etin
785 3791 837 3844 qua
860 3777 989 3828 universa
1008 3775 1088 3838 tecit,
1106 3774 1270 3826 inessentia-

166 3845 221 3897 lem
241 3845 308 3896 dicis
321 3845 486 3898 divinitatem
506 3855 551 3898 aut
569 3847 739 3898 artificiosam
758 3863 827 3914 quae
846 3855 886 3898 est
902 3848 929 3897 in
949 3847 1046 3898 creatis
1065 3847 1221 3914 sapientiam
1242 3853 1270 3896 et

164 3918 250 3982 ipsam
269 3917 414 3968 increatam
436 3917 568 3986 simulque
587 3917 788 3970 inessentialem
808 3933 890 3971 vocas
909 3918 1095 3981 divinitatem,
1121 3933 1199 3986 quam
1224 3924 1268 3968 te-

164 4002 245 4039 nuem
267 3994 293 4038 et
311 3987 476 4040 substantiae
495 3998 630 4056 expertem
651 3991 678 4040 in
697 3997 787 4052 mente
807 3991 980 4056 compositam
1004 3989 1122 4041 divinum
1142 3989 1268 4040 audivisti

164 4059 299 4110 dicentem
318 4059 468 4112 llaximum.
511 4061 572 4114 talis
593 4062 662 4112 euim
691 4069 798 4113 tuaest
822 4062 974 4128 ineptorum
998 4061 1191 4128 paradoxorum
1208 4068 1268 4111 tur.

163 4130 258 4197 pitudo
280 4137 377 4181 ettam
399 4134 526 4184 immanes
546 4140 607 4184 sunt
628 4133 849 4184 ratiocinationes
874 4134 1019 4199 impietatis
1038 4141 1115 4184 tuae:
1138 4139 1269 4183 ettamen

162 4203 260 4254 vivere
280 4201 363 4254 audes
383 4210 410 4254 ct
429 4203 515 4256 oculis
536 4204 733 4271 impudentibus
746 4204 893 4256 coelestem
911 4205 1049 4271 suspicere
1068 4204 1163 4267 lacem,
1183 4218 1273 4269 augu-

163 4280 231 4324 stum
252 4271 321 4324 solis
342 4273 450 4326 oculum
472 4283 499 4327 et
518 4277 589 4328 inter
610 4275 731 4328 homines
750 4284 840 4328 mente
858 4276 994 4343 praeditos
1011 4275 1115 4328 uersari
1135 4274 1271 4326 eiusdem.

163 4359 216 4412 que
236 4359 296 4396 cum
313 4343 347 4397 iis
366 4348 501 4414 particeps
526 4363 586 4404 esau
607 4349 695 4415 utris,
724 4347 874 4416 exemplum
897 4355 987 4400 tantam
1015 4346 1154 4416 prauitatis
1185 4343 1270 4395 iactus
