3184 5100
232 397 235 406 ·
324 409 373 484 96
460 447 464 455 ι
631 399 856 474 memnoni
889 398 1120 466 euunome

325 581 371 656 εἷς
391 573 520 660 μακρὰν
549 571 616 636 ἐκεῖ
641 565 754 651 πικρὸν
782 563 981 649 ε’πιφδεσθαι
1010 566 1066 628 καί
1094 563 1182 644 μα’λα
1204 560 1369 643 πολδχουν
1390 559 1425 623 έν

325 688 387 753 τοῖς
411 680 524 760 πέρασι
545 669 580 736 τὰ
603 666 765 758 γεοίργιον.
808 668 903 729 τοῦτο
926 667 962 740 δὲ
984 665 1119 738 καίεαίς
1142 660 1318 748 πανδήμοις
1339 683 1425 746 epe.

326 777 473 864 δρόιερον
495 768 682 859 ἤκηιιόειμευ
702 762 869 856 φάμενον,1
884 765 922 830 οδ
946 768 1125 848 δισταγμοῦ
1144 760 1228 838 τινὸς
1247 763 1427 855 μέροςιπα-

326 875 524 964 ραμιγνὺντοι
555 875 599 960 spi
622 865 714 954 ἤθει,
747 867 856 943 ὁποῖος
887 874 951 944 τοῖς
983 865 1122 932 δεδιόσιν
1159 869 1267 929 ἕπεται
1287 861 1346 947 την
1366 866 1426 926 ποῦ

325 982 490 1062 μέλλοντος
515 975 650 1059 α’δηλίαν
671 970 714 1045 ὥς
736 967 775 1033 τοὶ
799 967 910 1034 πολλοί.
952 969 1008 1032 καί
1027 960 1122 1031 οἶσθά
1134 989 1170 1048 γε
1191 966 1234 1041 nic
1254 961 1465 1050 ἠχθόμεθαδ·
1514 1014 1515 1051 3

325 1082 381 1163 τῆς
399 1078 579 1160 παρρησίας
600 1073 735 1154 ια’νδρί·
791 1065 810 1132 δ
830 1072 859 1134 δ’
883 1070 941 1132 οδκ
962 1069 1105 1133 ἐνεδίδου
1126 1068 1235 1149 λέγων.
1278 1066 1427 1129 σκεπτέον

327 1171 385 1244 οὖν
404 1174 447 1260 μη“
472 1177 551 1240 θεοῦ
571 1173 757 1257 μαχομένου
779 1169 833 1236 διὰ
856 1168 889 1235 ιὰ
919 1166 1022 1252 δόγμα
1046 1171 1191 1248 πονοῦμεν
1212 1161 1388 1249 depensa?

262 1285 318 1338 80
364 1263 368 1270 ¹
430 1281 538 1342 Ταῦτα
568 1273 672 1340 τοίνυν
704 1275 759 1337 καί
787 1269 981 1337 τὰτοιαῦτα
1010 1267 1185 1352 διεξιούσης
1215 1269 1352 1350 ἐκείνης,
1378 1254 1427 1327 “ui

326 1378 439 1466 γδναι”
461 1379 558 1464 φησίν
583 1373 599 1437 e‘
623 1375 784 1455 βασιλεύς,
799 1371 863 1435 “esi
894 1369 995 1436 πάντα
1015 1369 1165 1449 καθάπαξ
1185 1366 1293 1452 χρεοδν
1314 1366 1428 1430 α’ναιι-

327 1484 422 1546 θέναι
446 1479 522 1564 θεῷ.
577 1468 658 1539 εἶναι
686 1474 745 1557 γάρ
768 1499 839 1538 τινα
869 1476 924 1537 καί
950 1472 1050 1556 ου’χην
1081 1470 1257 1554 τύραννον,
1287 1466 1367 1534 κατὰ
1389 1463 1426 1543 til
1439 1479 1470 1533 10

329 1576 510 1662 αὐτόματον
531 1579 687 1642 ε’πιοιῒσαν
709 1583 772 1650 ιοῖς
796 1566 861 1640 τοῖν
887 1575 1065 1658 ἀνθρώπων
1087 1571 1263 1658 πράγμασι,
1286 1571 1347 1637 κδιι
1371 1575 1428 1636 τοῦ
1471 1592 1479 1600 ‘

328 1677 503 1767 προσεχοῦς
525 1674 627 1761 αυίἡν
647 1680 770 1759 μᾶλλον
791 1675 997 1761 τάνθρώπεια
1024 1677 1204 1740 διοικοῦσαν
1226 1668 1246 1757 ἢ
1266 1669 1427 1757 τὸνθεόν,
1514 1696 1515 1737 ι

328 1785 487 1870 ἐνέργειαν
508 1785 567 1862 μὲν
590 1782 787 1864 καλουμένην
807 1772 964 1863 ἄκαστον,
988 1776 1190 1853 δεσποιικοὺς
1206 1779 1242 1840 δὲ
1260 1775 1430 1866 χαρακεῆ·

329 1906 388 1964 ρας
417 1880 580 1967 φέρουσίν
605 1904 639 1944 re
670 1884 726 1944 καί
753 1881 944 1954 δεσποτικῶς
972 1887 1036 1952 τοῖς
1070 1875 1254 1962 πράγμασιν
1273 1872 1430 1960 ἐπιστρα-

329 1981 486 2050 ιεδουσαν
507 1979 587 2045 κατὰ
611 1977 669 2063 εῆν
684 1983 743 2045 τοῦ
765 1979 952 2061 αυέομοῐεου
972 1979 1078 2065 φοράν
1100 2001 1134 2042 τε
1157 1979 1214 2042 καί
1233 1975 1365 2061 κίνησιν.
1400 1976 1431 2040 εί
1439 1994 1472 2048 15

330 2087 359 2148 δ’
383 2073 446 2168 οὖν,
469 2081 561 2164 λόγον
594 2083 653 2166 ἐγώ
677 2105 728 2146 σοι
750 2083 806 2144 καί
826 2079 915 2162 μα’λα
937 2082 1041 2168 είδυίςι
1068 2082 1151 2164 ἐρῶ,
1173 2081 1229 2165 τῆς
1249 2077 1328 2163 έμης
1350 2079 1431 2163 οἶλη-

331 2187 421 2260 θειάς
452 2183 603 2268 μα’ρευριί
628 2207 660 2248 ιε
689 2187 744 2247 καί
771 2178 958 2266 βεβαιωτήν.
1012 2176 1108 2247 eirea
1137 2180 1199 2265 γὰρ
1230 2179 1354 2257 ὁποίαις
1376 2178 1432 2244 καί
1514 2236 1515 2249 r

330 2281 423 2361 δσαις
445 2285 618 2368 η’πειγὸμην
641 2286 851 2365 ἐξευμενίζων
871 2282 926 2348 ιόν
940 2280 1018 2346 θεόν
1036 2280 1210 2367 χρημάτων
1230 2278 1368 2361 δόσεσιν,
1392 2274 1431 2355 ἃς

330 2385 487 2471 α’φθόυοις
514 2384 678 2467 παλάμαις
710 2382 877 2468 ίξηνιλουν
906 2381 1026 2467 ἱερεῦσι
1055 2388 1111 2447 καί
1137 2382 1433 2472 μονοτρόποις,καί

330 2478 400 2551 ὅσοι
422 2483 588 2571 σπηλαίοις
625 2487 846 2551 ε’νδιαιιιδνεαι
868 2488 923 2548 καί
946 2477 1052 2571 ὄρεσι,
1078 2484 1133 2548 καί
1151 2480 1222 2549 ὅσοι
1243 2489 1307 2552 τῶν
1325 2477 1473 2562 diremi)
1514 2474 1515 2525 i

330 2593 420 2678 πενίη
442 2591 498 2653 καί
517 2585 599 2677 νόσιρ
622 2586 789 2666 συζώντων
815 2586 977 2675 ὑπῇρχον,
1002 2588 1057 2653 καί
1071 2591 1114 2675 πῇ
1134 2591 1193 2670 μὲν
1215 2587 1362 2673 δημοσίᾳ,
1377 2588 1431 2674 ’πῇ

331 2692 367 2755 δὲ
387 2694 554 2772 βλέποντος
575 2688 723 2755 ἁπάντων
737 2690 885 2767 οδδενός.
938 2688 1064 2775 ὤνησαν
1084 2694 1114 2755 d’
1139 2692 1214 2777 ἡμῖν
1233 2691 1336 2777 ου’δέν,
1361 2690 1431 2753 αλλ’

331 2783 461 2879 αὔραις,
484 2786 527 2868 δίς
547 2814 582 2877 γε
603 2788 717 2879 ἔοικεν,
738 2787 841 2857 ἐκεῖνα
861 2787 952 2887 πίντῗ
967 2794 1245 2880 ἐ’κπεπονήκαμεν,
1264 2790 1319 2858 καί
1337 2814 1431 2878 περι-

334 3080 410 3145 inre,
428 3088 458 3133 ut
478 3071 649 3135 acerbissima
667 3081 736 3136 mala
752 3081 887 3135 uberrime
903 3083 936 3136 ad
954 3090 1099 3136 extrenum
1119 3091 1332 3136 succrescerent.
1359 3084 1431 3136 idem

332 3154 398 3220 ipsis
417 3154 601 3207 vehementius
618 3155 832 3221 pronuntiantem
860 3155 1019 3219 audivimus,
1047 3164 1077 3207 ut
1094 3155 1163 3207 nihil
1182 3154 1354 3208 dubitationis
1373 3157 1430 3207 suis

332 3225 450 3278 moribus
477 3225 650 3290 admisceret,
680 3240 748 3293 quae
773 3225 931 3294 plerumque
958 3228 1173 3279 incertitudinem
1193 3227 1274 3278 inturi
1301 3228 1431 3295 temperis

332 3297 511 3349 metuentibus
529 3299 619 3349 inesse
638 3296 717 3348 solet.
755 3313 843 3365 neque
861 3301 968 3363 nescis,
987 3306 1085 3370 quante
1114 3300 1175 3351 odie
1190 3299 1246 3351 'viri
1263 3314 1317 3350 non
1336 3313 1351 3349 a
1373 3300 1430 3351 suis

333 3368 422 3422 verbis
450 3368 602 3421 recedentis
621 3367 772 3420 libertatem
800 3372 936 3435 persecuti
962 3372 1055 3422 simus.
1100 3371 1320 3423 considerandum
1346 3372 1431 3439 igitur

333 3447 387 3505 est,
405 3456 468 3492 num
488 3440 557 3491 lorte
579 3440 629 3491 deo
648 3440 707 3507 ipso
728 3440 762 3491 olr
781 3440 876 3510 dogma
895 3450 1062 3510 repugnante
1080 3442 1156 3494 irrita
1175 3442 1327 3494 iaciamus.“

431 3528 504 3581 llaec
524 3536 604 3596 atque
627 3529 756 3581 eiusmodi
779 3547 858 3598 quum
877 3530 927 3582 ilia
942 3530 1107 3598 pretulisset,
1127 3533 1286 3600 imperator:
1306 3530 1430 3598 „mulier,

332 3602 427 3670 iuquit,
445 3616 500 3653 nnn
519 3602 606 3652 omnia
627 3600 754 3653 debemus
773 3604 806 3655 ad
825 3603 903 3654 deum
925 3602 1038 3654 referre.
1074 3618 1133 3655 nans
1152 3605 1231 3656 etiarn
1252 3604 1365 3657 fortuna-
1377 3604 1428 3655 do.
1511 3649 1512 3656 ,

332 3674 402 3725 mina
421 3672 550 3742 quaedam
570 3680 620 3737 est,
638 3689 706 3741 quae
720 3688 769 3725 sue
790 3674 901 3726 arbitrie
915 3672 1050 3725 hominnm
1068 3690 1112 3727 res
1131 3676 1310 3745 aggredietur.
1347 3683 1432 3743 atque
1511 3665 1512 3684 ¹

333 3746 501 3797 continentes
529 3747 610 3798 uitam
635 3744 773 3797 humanam
794 3748 878 3814 magis
904 3754 999 3814 regat,
1020 3762 1097 3814 quam
1116 3750 1200 3812 dens3
1225 3750 1347 3814 operatio
1367 3750 1432 3817 qui.
1510 3775 1511 3780 =

332 3817 390 3867 dem
409 3818 560 3868 nominatur
574 3818 707 3881 increata,
726 3818 818 3869 induta
835 3826 922 3869 autern
950 3828 990 3870 est
1012 3821 1117 3884 tyranni
1136 3819 1252 3874 moribus
1272 3820 1453 3890 superbam·

333 3902 385 3955 que
407 3886 434 3937 in
456 3902 546 3939 omues
571 3904 614 3940 res
632 3890 838 3941 dominationem
868 3898 977 3943 exercet
1002 3904 1051 3957 pro
1077 3890 1196 3944 lrbrdmrs
1221 3893 1322 3962 impetu
1349 3900 1431 3959 atque

332 3966 413 4009 motu.
450 3960 577 4027 agedum!
597 3961 744 4012 orationem
769 3960 818 4012 tibi
838 3961 938 4027 dicam,
959 3977 1036 4031 quam
1060 3965 1118 4031 ipsa
1137 3963 1206 4015 haud
1225 3982 1289 4018 sane
1310 3967 1431 4034 ignoras,

273 4089 282 4107 Ι
333 4044 401 4098 qnae
420 4045 461 4080 me
487 4038 552 4082 vere
571 4030 688 4082 loentum
718 4048 777 4085 esse
798 4034 955 4086 testificetur
973 4032 1062 4101 'atquc
1092 4036 1238 4089 confirmet.
1275 4039 1328 4090 scis
1349 4030 1431 4100 enim,

331 4100 438 4169 quentis
458 4108 485 4153 et
507 4099 630 4169 qualibus
652 4117 702 4171 ego
725 4104 870 4157 studuerim
888 4107 965 4159 donis
983 4107 1027 4157 dei
1048 4107 1172 4159 levorem
1186 4109 1251 4161 milri
1272 4111 1431 4175 conciliare,

261 4202 264 4207 n
333 4187 401 4241 qnae
419 4170 507 4239 plenis
526 4173 647 4226 manibus
673 4176 875 4242 sacerdotibus,
893 4178 1043 4229 hominibus
1063 4179 1210 4246 solitariis,
1233 4184 1386 4253 quicunque
1403 4185 1431 4233 in

281 4282 286 4287 -
333 4244 471 4311 speluncis
490 4242 609 4296 habitant
630 4254 657 4297 et
677 4246 811 4300 montibus
828 4257 874 4300 aut
894 4256 1051 4316 paupertate
1080 4258 1107 4302 et
1124 4252 1223 4304 morbis
1243 4256 1366 4322 oppressi
1385 4256 1431 4307 vi.

332 4322 386 4375 tam
406 4316 514 4388 degunt,
535 4324 562 4371 et
579 4318 666 4390 palam
687 4326 713 4373 et
729 4319 836 4374 occulto
856 4319 1000 4392 largiebar.
1038 4338 1129 4378 verum
1148 4324 1216 4380 nilril
1234 4326 1358 4390 utilitatis
1375 4342 1430 4385 ne.
