3184 5100
134 426 160 483 Ψ
246 458 469 530 nrsroaisn
490 452 751 524 emmunim
769 449 880 520 xxxi.
917 438 1107 520 tta-ae.
1167 445 1238 520 ars

141 646 195 699 τος
228 628 283 688 καί
302 626 424 689 ταύτού
453 621 508 687 κατ’
532 612 643 703 ἑτέρον
673 621 729 681 καί
750 620 815 681 τῶν
835 610 986 680 τοιούτων
1007 619 1169 702 μέμνησαι
1189 618 1246 681 καί

142 724 244 799 αύτύς
266 724 308 801 air
332 726 482 807 α’νοστέριο
503 719 611 807 βραχύ
637 720 715 785 κατα
741 718 854 802 χιύραν
874 709 995 805 ἓκύστιγ
1018 716 1379 803 προσήκουσανλλλῆτ.
1445 771 1449 782 ,
1495 689 1496 732 ζ

142 824 288 909 τεχνικήν
307 827 537 891 ἀποδέδεικται.
1252 900 1262 914 l

239 927 326 993 ’Alb’
361 928 391 991 εἰ
410 927 538 1009 βούλει,
561 920 736 1007 συνήγορος
758 922 833 1008 ἦμῖν
856 924 911 987 καί
936 920 954 986 ὅ
975 928 1063 999 θεῖος
1081 924 1245 1011 κεκλήσθω
1257 948 1312 1002 η

119 1028 334 1109 5Βασίλειος,
368 1025 472 1091 πάντα
503 1032 601 1111 λέγων
622 1024 662 1088 τοὶ
683 1027 847 1108 θεοπρεπῆ
878 1022 1018 1105 ύνύματύ
1040 1049 1074 1089 τε
1096 1027 1152 1125 κρί
1174 1027 1250 1114 σπη’.

144 1154 231 1209 ματα
251 1128 408 1211 ὁμοτίμοις
434 1126 502 1211 ἔχει
531 1125 611 1211 πρός
634 1117 756 1210 ἄλληλα
787 1127 834 1212 τῷ
862 1128 962 1211 μηδὲν
995 1127 1082 1211 παριέ
1114 1130 1250 1214 virsedi

145 1229 357 1311 ὑποκειμένου
381 1232 555 1315 διαφωνεῖν
577 1232 750 1313 σημασίαν.
794 1221 855 1291 ύσα
875 1226 935 1311 γὰρ
961 1221 1008 1309 ἄν,
1030 1233 1138 1315 φησίν,
1160 1230 1250 1320 εἴπης
1327 1265 1333 1290 ι

146 1330 201 1394 ἐπί
227 1334 309 1395 θεοῦ
331 1328 493 1413 ὀνόματα,
525 1327 726 1416 καταφατινύ
754 1352 787 1394 τε
815 1327 937 1413 δηλαδή
969 1330 1025 1395 καί
1052 1330 1249 1419 α’ποφατιιιύ,

144 1428 250 1497 aliove
273 1431 509 1516 α’παγορεατικύ
533 1434 588 1495 καί
609 1428 773 1515 α’ρνητικύ,
796 1425 818 1493 ἃ
841 1430 879 1513 δὴ
903 1431 1060 1515 προσόντα
1073 1456 1109 1496 τε
1131 1438 1187 1499 καί
1203 1432 1249 1519 μη

106 1530 304 1617 Ῑθπροσύντα
337 1538 460 1616 λέγεται
488 1530 567 1616 πρὸς
603 1537 666 1597 τῶν
685 1533 788 1615 ύγίιον
820 1534 920 1596 triers
953 1534 1009 1605 καί
1043 1537 1198 1619 α’λλαχού,
1217 1533 1251 1601 ἓν

147 1634 201 1698 dcci
224 1630 350 1699 πύντοον
371 1634 439 1699 ἐστι’
467 1630 503 1698 τὸ
536 1631 790 1719 σημαινόμενον,
813 1630 870 1697 εἴτ’
905 1634 1028 1717 ύγαθύν
1051 1636 1107 1701 καί
1128 1640 1252 1702 δίκαιον

146 1739 202 1799 καί
225 1730 264 1799 τοὶ
287 1732 372 1799 odrae
390 1732 540 1817 λεγόμενα
557 1733 770 1821 καταφατικιί,
794 1736 849 1799 εἰτ’
865 1734 1028 1801 οἷθύνατον
1045 1740 1101 1802 καί
1115 1738 1253 1823 α’φθαρ-

147 1858 200 1899 τον
223 1832 278 1898 καί
297 1832 335 1900 τύ
369 1829 452 1900 ούτω
481 1834 633 1919 λεγόμενα
665 1835 826 1919 αἷρνητικύ.
881 1834 934 1900 διαὶ
962 1837 1024 1921 γὰρ
1060 1833 1254 1924 ἕκει’νων,ύ

149 1944 313 2018 προσεῖναι
336 1940 491 2020 λέγονται,
513 1938 769 2023 ναταφύσκσμεν,
792 1936 846 2001 dod
865 1940 900 2002 dt
915 1938 1035 2004 τούτων
1055 1936 1255 2023 α’παγορεύο-

107 2042 209 2117 lipsa
228 2032 251 2099 ίί
273 2037 319 2120 μὴ
340 2037 519 2122 πρόσεστιν,
542 2038 586 2115 ούς
609 2037 706 2112 αύιός
728 2040 763 2103 ἐν
785 2046 850 2113 τοῖς
880 2040 956 2122 περὶ
977 2042 1056 2104 θεού
1076 2043 1255 2124 λεγομένοις

149 2141 249 2223 φησίν
281 2139 414 2219 σ’νύμαοι
439 2142 505 2204 κατ’
530 2142 690 2219 Εὐνομίαν
714 2134 900 2223 φερόμενος.
945 2132 1021 2204 dees
1047 2138 1062 2203 ὅ
1089 2137 1256 2220 οἷνούνομσς

148 2236 358 2321 πολυώνυμος
372 2234 448 2324 ἡμῖν
462 2241 639 2323 ἀποροῦσιν
660 2236 817 2319 ύνόματος
828 2242 888 2303 τού
909 2242 1027 2325 κυρίοις
1051 2233 1257 2326 οῗρμύττοντος

148 2346 277 2427 γίνεται,
300 2346 461 2418 πλείσταις
484 2344 656 2429 διαφοραῖς
690 2336 852 2422 ύνομύτων
872 2342 1076 2426 οἷνακαλύψαι
1098 2344 1255 2426 βιαζομέ-

149 2464 215 2516 νοις
236 2442 294 2526 την
316 2446 389 2527 περί
416 2446 474 2507 τού
494 2447 586 2507 θείου
611 2437 685 2524 ἡμῖν
715 2446 916 2528 ε’γγινομένην
944 2442 1111 2509 ύπόνοιαν.
1155 2434 1255 2526 ’ὄνομα
1267 2454 1330 2508 80,

107 2541 211 2626 λθγύρ
234 2543 447 2632 σημαντικόν,
476 2544 494 2609 d
518 2548 697 2612 Nuooce‘oov
724 2538 842 2631 φύσκει
863 2546 895 2611 Γ
893 2544 1061 2632 ρηγύριος,
1089 2546 1143 2631 τῆς
1165 2548 1258 2624 θείας

151 2641 279 2729 φύσεως
315 2648 373 2711 σύν
391 2646 574 2729 ἐμάθομεν·
630 2636 768 2730 δήλτοοιν
799 2649 834 2711 δὲ
865 2649 1077 2732 προσηγορίας
1108 2635 1259 2734 τοιαύτης

150 2745 194 2808 δι’
216 2737 254 2828 ἧς
275 2743 591 2834 ἔμπεριλαμβύνηται
619 2749 640 2830 ἦ
670 2740 839 2834 ἔφραστύς
861 2772 894 2813 τε
923 2749 978 2813 καί
998 2747 1136 2833 ύύρατος
1161 2745 1260 2835 φύσις
1362 2787 1370 2798 ,
1407 2738 1409 2749 '

150 2840 173 2930 ἢ
196 2848 255 2910 orla
275 2840 358 2916 εἶναι
379 2849 520 2914 καθόλου
543 2853 669 2938 φαμέν,
690 2843 713 2933 ἢ
734 2847 861 2927 πάντας
887 2845 964 2936 ἡμῖν
985 2839 1146 2932 ἄγνωστον
1165 2831 1258 2916 alvea

156 3173 221 3212 cere
241 3159 357 3212 divinam
382 3158 456 3211 illam
475 3159 622 3212 orationem
643 3171 703 3212 esse
720 3160 872 3229 putandam.
909 3174 969 3211 nam
987 3160 1021 3213 de
1040 3173 1084 3224 eo,
1103 3159 1174 3230 quod
1194 3174 1261 3228 pos.

156 3232 260 3284 sidetur
286 3239 326 3297 et,
362 3232 432 3300 qdod
459 3231 593 3299 possidet,
622 3232 655 3283 de
679 3233 773 3285 eodem
800 3240 827 3286 et
855 3230 957 3298 altero,
987 3233 1021 3284 de
1045 3230 1176 3284 similibus
1202 3233 1262 3298 ipse

156 3303 320 3427 ρπιιιιὲαἰβηὶιγί,
347 3319 416 3373 quae
445 3318 526 3372 supra
553 3303 673 3357 breviter
697 3305 730 3358 ad
759 3303 836 3388 locos
858 3304 1004 3373 unicuique
1033 3303 1146 3356 idoneos
1168 3302 1262 3371 dispu-

230 3461 286 3514 lam
304 3477 381 3527 vero,
399 3464 422 3514 si
439 3461 538 3531 placet,
561 3477 673 3516 concors
685 3461 734 3516 ille
746 3463 893 3516 advocetur
906 3462 939 3515 D.
950 3459 1079 3527 Basilius,
1097 3461 1144 3530 qui
1155 3460 1265 3513 aomina
1293 3513 1296 3518 ,

162 3543 188 3586 et
207 3536 332 3586 notiones
347 3535 397 3586 deo
417 3535 512 3603 dignes
533 3535 602 3587 idem
615 3535 707 3589 valere
726 3537 839 3587 interae
859 3549 950 3587 omnes
966 3535 1046 3600 dicit,
1062 3533 1134 3602 quod
1152 3532 1185 3584 ab
1196 3531 1264 3585 sub-

160 3607 226 3658 iecti
245 3605 442 3674 significatione
460 3621 514 3658 uon
533 3608 680 3675 dicrepent.
718 3622 894 3676 quaeeunque
914 3606 1000 3671 enim,
1027 3605 1133 3674 inquit,
1158 3605 1192 3656 de
1212 3604 1263 3656 deo

161 3677 262 3730 dixeris
276 3679 385 3729 nomina
403 3679 582 3730 adiudicantia
601 3687 627 3732 et
644 3678 838 3746 adiudicantia,
857 3677 974 3744 positiva
993 3685 1020 3728 et
1036 3677 1175 3745 negativa,
1194 3690 1264 3743 quae
1312 3684 1315 3693 ’

161 3757 224 3816 apta
251 3757 277 3800 et
297 3763 351 3800 non
382 3757 443 3816 apta
467 3751 597 3802 interdum
629 3751 761 3802 asanotis
790 3751 931 3812 dicuntur,
948 3764 1029 3800 unam
1051 3755 1092 3801 est
1108 3763 1157 3814 per
1176 3747 1264 3798 omnia
1374 3809 1379 3821 ,

161 3821 351 3887 significatum,
370 3823 429 3872 sive
450 3821 557 3886 bonum,
575 3823 634 3874 sive
650 3821 762 3886 iustum,
779 3837 847 3890 quae
866 3821 1054 3883 adiudicantia,
1073 3819 1264 3870 siveimmor.

164 3891 221 3942 tale
241 3889 301 3942 sive
320 3891 536 3958 incorruptibile,
555 3909 624 3961 quae
643 3893 825 3945 abiudieantia
843 3893 976 3944 dicuntur.
1017 3889 1073 3942 illis
1092 3891 1173 3955 enim,
1193 3904 1263 3958 quae

162 3959 352 4026 attribuuntur,
372 3963 552 4028 exprimimus,
572 3964 613 4015 bis
633 3980 701 4032 quae
719 3980 774 4016 non
793 3964 971 4016 attribuuntur
990 3961 1180 4014 abiudioamus.
1208 3963 1264 4013 ita.

163 4049 226 4102 que,
245 4041 274 4083 nt
294 4031 439 4084 Eunomius
457 4033 530 4098 dicit,
549 4037 577 4085 in
594 4035 745 4087 nominibus
765 4035 798 4088 de
819 4035 870 4086 deo
890 4035 967 4086 dictis
986 4035 1045 4101 ipse
1064 4034 1157 4086 iertur.
1192 4048 1264 4102 quo.

163 4108 236 4156 circa
254 4105 432 4155 innominatus
460 4104 510 4155 ille
529 4105 618 4156 multis
645 4105 757 4158 anobis
773 4105 923 4158 nominibus
940 4113 1070 4170 vocatur,
1100 4105 1201 4174 quippe
1218 4104 1264 4173 qui

162 4178 272 4227 nomine
291 4175 401 4243 proprie
422 4176 566 4244 quadrante
584 4177 750 4244 indigeamus
768 4185 810 4241 ct,
829 4186 857 4230 ut
873 4177 995 4244 plurimis
1013 4178 1150 4228 nominum
1171 4177 1266 4228 varie-

163 4247 263 4299 tatibus
280 4243 418 4299 notionem
437 4249 480 4298 dei
501 4247 579 4300 nobis
597 4249 703 4300 insitam
720 4249 878 4318 aperiamus,
899 4263 1036 4318 cogamur.
1075 4263 1174 4300 nomen
1193 4248 1266 4297 enim

164 4319 271 4371 divinae
298 4327 409 4370 naturae
435 4333 601 4389 congruens,
621 4319 766 4390 Gregorius
787 4319 922 4388 Nyssaeus
944 4322 1001 4384 ait,
1030 4334 1085 4372 noa
1104 4318 1265 4371 audivimas.-
1327 4345 1330 4351 .

165 4389 374 4459 explicationem
387 4389 465 4444 huius
484 4391 685 4460 appellationis,
704 4408 756 4462 qna
779 4391 1015 4460 comprehenditur
1033 4388 1217 4459 intelligibilis
1237 4393 1265 4438 et
