3184 5100
141 518 145 523 .
255 420 478 498 nrsnontln
495 355 915 505 armunensem.-
936 409 1121 500 dia—68.
1182 422 1259 505 tta

152 580 266 659 κλόνος
284 585 436 671 όξαῖφνης
457 566 610 672 ρἀγδιδος
636 592 692 653 κατ’
714 591 777 653 τοῖν
802 584 899 655 πάλαι
929 592 1184 673 θαυμαζομένων
1202 592 1257 661 ἐπί

151 686 284 768 μεγάθει
304 687 470 767 ἐνάμιλλος
493 692 594 753 πάσαν
617 691 669 775 ἐφ’
693 681 731 773 ἧς
749 683 926 774 ἑστήκαμεν
948 688 1067 773 ἐτίναξε
1089 697 1157 778 μήν.
1201 698 1256 761 κατ’

152 783 192 851 τά
215 790 274 867 μὲν
292 782 352 865 ἔξω
376 790 454 865 τόσος
475 788 609 872 ήγνόουν
630 792 730 876 πάθη,
750 795 973 875 κεκλεισμένας
988 787 1042 875 όν,
1067 787 1126 861 ὅσα
1138 820 1172 863 τε
1186 800 1256 861 Βυ-

157 887 283 963 ζάντισν
305 886 360 950 καί
381 879 442 951 όσα
460 887 516 965 τός
539 880 638 967 όλλας
660 896 872 973 συμπέπτωκε
894 891 1000 975 πόλεις
1021 894 1157 961 παθεῖν·
1181 890 1256 961 όλον.

126 987 184 1055 bd’
208 978 265 1051 σόν
285 985 417 1072 ε’δόνησε
439 987 495 1053 καί
512 995 705 1077 συνετάραξε
732 990 832 1073 μάλα
849 996 998 1081 σφοδρῶς
1026 994 1080 1061 τόν
1103 995 1256 1080 ἡμέτερον

154 1081 263 1171 σ,ἷκον
298 1090 341 1166 σός
374 1118 427 1158 και
422 1096 530 1178 μόρη
556 1098 654 1159 πλείω
675 1094 812 1219 ῥαγέντα
833 1101 965 1177 χεῖσθαι
993 1096 1073 1179 πρός
1095 1090 1255 1182 τοῦδαφος

153 1187 246 1257 ἔνθεν
266 1193 423 1275 κάκεῖθεν,
446 1196 504 1259 καί
522 1176 646 1273 τάςμῖὲν
667 1190 1017 1320 ήμετέροιςβίβλουςξ
984 1200 1017 1276 δξ
1039 1192 1179 1281 ἔδρας’
1157 1224 1255 1317 osup
1346 1228 1386 1281 '.'.

152 1296 355 1416 ρηγνυμόνας
370 1289 556 1380 ῥιπτεῖσθαι
578 1296 714 1378 χαμαί.
694 1292 764 1358 τό
771 1316 815 1378 γε
836 1296 901 1380 μήν
924 1302 1181 1380 παρατεταμὲνον
1201 1300 1256 1381 τῆς

153 1386 242 1476 όόρας
264 1396 319 1457 καί
335 1392 355 1477 ή
375 1392 455 1479 κατά
472 1393 581 1515 βραχό
602 1397 681 1479 πρὸς
695 1392 731 1459 τό
753 1396 932 1481 βιαιότερον
948 1396 1089 1483 προκοπή
1110 1402 1166 1464 τοῦ
1187 1424 1256 1465 σοι·

109 1497 238 1573 λθσμοδ
257 1495 317 1557 καί
340 1493 552 1620 άπαμορεόέιν
587 1487 649 1582 ήδη
670 1520 711 1577 με
732 1494 769 1561 τό
792 1498 848 1581 ζήν
869 1494 1143 1583 προσηνάγκαζον,
1167 1500 1254 1589 αὐτῷ

152 1618 187 1676 τε
205 1593 322 1719 ε’δάφει
338 1600 394 1661 καί
414 1598 495 1721 αήτῇ
518 1596 798 1680 repromitterem
826 1600 1143 1717 προσδοκήσαντα
1105 1626 1141 1687 τη
1162 1604 1254 1692 οἰκίᾳ.

152 1693 214 1777 ε’μτό
235 1699 295 1776 μὲν
320 1688 384 1761 σόν
415 1700 494 1772 τόσος
515 1696 574 1761 οόκ
593 1695 676 1781 ἔχων
697 1694 769 1765 όποι
789 1704 915 1788 βλέψας
948 1697 1006 1784 τήν
1025 1700 1148 1767 θείαν
1135 1704 1254 1789 εκείνην

114 1796 364 1879 διαφυμεῖν’
345 1796 452 1885 οργήν,
473 1791 549 1882 ἦτε
578 1801 635 1862 νόν
668 1796 722 1863 διά
745 1797 804 1875 τός
832 1798 988 1885 ήμετόρας
1022 1799 1110 1891 ε’πήει
1138 1807 1253 1877 κακίας
1303 1802 1309 1814 ’

152 1893 208 1959 καί
226 1922 243 1979 η
232 1892 425 1976 μέλλουσα
444 1906 513 1974 ταῖς
528 1902 737 1984 φαινομέναις
752 1895 887 1975 ταόταις
910 1902 1055 1976 άπειλαῖς
1077 1904 1254 1985 ε’νεζοογρα-

108 2010 143 2064 15
153 2003 265 2081 φεῖτο,
297 1999 330 2073 ε’ς
361 1996 396 2062 τό
420 2000 556 2083 πεπηγός
588 2005 644 2087 καί
663 2002 802 2082 βεβαίους
824 1998 991 2081 ἱστάμενον
1011 2003 1254 2088 ἐρηρεισμένους
1324 1992 1327 1997 ’

152 2096 229 2173 τοός
250 2096 350 2187 πόδας
370 2097 455 2182 ἔχειν
471 2102 686 2186 όφιλονεικονν
697 2105 767 2183 μὲν,
787 2100 932 2185 άντόχειν
947 2104 975 2165 δ’
998 2104 1055 2165 ον’νι
1077 2096 1162 2185 εἶχον
1176 2105 1254 2189 πρὸς

69 2237 75 2246 -
152 2193 235 2263 πάνυ
259 2200 460 2267 α’στατοόσαν
481 2204 550 2287 μήν.
573 2202 629 2267 καί
646 2194 685 2285 ήν
706 2200 910 2284 πανταχόθεν
931 2204 1004 2284 ἐμοί
1024 2204 1117 2269 στενά
1138 2197 1319 2291 κομιδῇας

151 2300 192 2364 τά
212 2304 271 2365 τοῦ
292 2301 487 2385 πράγματος.
544 2298 628 2369 σάτα
657 2302 718 2387 γάρ
752 2300 835 2386 ἔχων
860 2306 922 2368 τῶν
941 2300 1030 2369 ἔνδον
1051 2307 1162 2392 κακός,
1186 2297 1256 2372 οὔδ’

151 2394 222 2483 ἔξω,
235 2405 420 2486 προβαίνειν
441 2396 521 2481 ὅλως
543 2396 619 2489 ήμον
637 2406 682 2479 είς
704 2402 844 2489 μνήμην,
867 2406 958 2471 τοῦτο
976 2406 1036 2487 μὲν
1050 2401 1104 2471 ότι
1128 2409 1255 2489 δέσμιος

106 2494 192 2587 λθήν
212 2506 267 2569 καί
287 2501 360 2582 τοός
381 2502 442 2591 πρό
463 2509 577 2590 θυρεόν
607 2508 743 2572 ἐδεδίειν
763 2504 944 2590 πανόπτας,
966 2511 1060 2574 τοῦτο
1081 2510 1109 2573 δ’
1132 2503 1177 2574 ότι
1202 2498 1275 2576 καί

152 2604 188 2684 τό
212 2610 265 2690 τῆς
287 2607 380 2687 θείας
410 2599 651 2696 άναπόδραστον
671 2607 785 2696 ψήφου
819 2609 918 2676 πάλαι
949 2606 1111 2694 μινοόσκοιν
1141 2603 1180 2694 ήυ
1212 2611 1256 2687 σός
1369 2620 1374 2627 “

150 2710 260 2792 bridric
281 2710 455 2798 άπσδραίη,
475 2704 535 2793 κάν
554 2715 590 2778 όν
611 2711 786 2795 όπαίθροις
806 2713 951 2797 χορεόων
966 2711 1046 2801 τάχη
1067 2714 1125 2794 τίς,
1145 2707 1201 2778 κάν
1222 2714 1256 2778 όν

151 2809 258 2898 εἱρκτῇ
288 2816 500 2899 σομκλείηται.
552 2819 608 2900 τῆς
627 2810 688 2897 γάρ
715 2812 837 2899 ἐκείνου
864 2811 1048 2898 βουλήσεως
1068 2817 1196 2898 ἐξῆπται
1215 2817 1254 2880 τά

150 2909 268 2996 πάντα,
288 2908 350 2980 όοα
363 2939 398 2979 τε
420 2921 565 3002 φαίνεται
586 2921 640 2983 καί
652 2912 714 2982 όσα
735 2919 768 2982 όν
780 2926 897 3000 μυχοῖς
910 2913 1131 2998 θαλαμεόετνιι
1153 2916 1256 3000 α’πσρ-

152 3197 228 3268 poris
246 3197 420 3252 mirilicornm
437 3199 622 3270 magnitudine
641 3199 746 3266 similis,
766 3213 871 3252 omnem
899 3199 945 3252 ubi
967 3198 1138 3252 constiteram
1157 3205 1253 3254 terram

154 3263 299 3324 concussit.
345 3272 498 3324 nesciebam
530 3289 609 3342 qaum
635 3271 755 3324 inclusus
780 3287 875 3336 essem,
897 3287 965 3341 quae
992 3255 1181 3334 secluderent,
1202 3288 1254 3324 nec

154 3344 218 3412 qnid
235 3343 366 3409 Byzantio
385 3360 437 3395 nec
456 3345 518 3413 quid
536 3345 634 3397 ceteris
654 3343 764 3395 urbibus
782 3343 934 3395 accidisset.
979 3343 1154 3396 vehementer
1172 3344 1254 3410 igitur

153 3414 321 3499 perturbavit
334 3423 361 3466 et
372 3417 510 3469 concussit
523 3415 573 3467 ille
592 3415 723 3468 conclave
735 3432 822 3467 meum
838 3423 868 3466 ut
886 3415 1031 3484 pleraeque
1045 3422 1133 3481 partes
1154 3413 1254 3466 fractae

152 3488 181 3537 in
200 3494 297 3539 terram
316 3487 444 3538 caderent
461 3496 489 3539 ct
506 3487 568 3539 libri
587 3489 672 3539 nostri
692 3504 707 3538 e
725 3488 789 3540 sede
810 3487 842 3539 ad
859 3485 965 3538 humum
982 3487 1171 3538 delicerentur.
1191 3502 1254 3539 sus-

153 3573 253 3624 pensus
272 3557 323 3609 bac
341 3558 408 3611 bore
425 3559 527 3611 animus
548 3567 575 3610 et
604 3567 690 3612 metus
709 3566 798 3610 terrae
828 3557 906 3611 brevi
930 3557 1107 3610 uehementer
1125 3557 1251 3609 adauctus

152 3644 228 3695 spem
248 3630 321 3681 sitae
340 3630 476 3698 deponere
494 3646 537 3683 me
557 3630 686 3699 cogebat,
712 3646 792 3699 quum
810 3639 957 3682 metuerem
975 3645 1010 3680 ne
1038 3637 1110 3680 terra
1124 3655 1125 3659 =
1140 3637 1166 3680 et
1191 3630 1250 3696 ipso

152 3699 280 3752 cubiculo
300 3705 475 3770 opprimerer.
525 3703 649 3772 equidem
678 3718 758 3771 qnnm
776 3717 832 3754 non
861 3701 986 3754 haberem
1022 3715 1074 3768 qno
1103 3715 1145 3764 me
1167 3700 1253 3752 oculis

152 3779 289 3826 verterem
314 3775 462 3826 evitetnras
481 3774 598 3826 divinam
625 3774 794 3838 illuminem,
814 3789 883 3842 qnae
908 3773 941 3824 ob
961 3773 1118 3840 pravitatem
1135 3781 1253 3825 nostram

150 3857 203 3895 nos
220 3843 309 3896 adibat
327 3846 427 3898 viridis
451 3846 581 3898 mineram
606 3845 743 3898 coloribus
769 3860 915 3914 expressa,
933 3845 1043 3896 firmiter
1070 3843 1153 3911 pedes
1173 3844 1252 3895 humo

151 3914 307 3982 infigebam,
326 3918 471 3984 trepidanti
490 3926 557 3969 re'ro
574 3925 663 3970 terrae
682 3916 814 3970 obsistere
833 3931 887 3967 non
901 3923 1030 3983 poteram.
1068 3915 1167 3984 ubique
1187 3915 1252 3966 mibi

151 4001 197 4037 res
222 3985 304 4053 plcna
330 3988 520 4042 sollicitudinis
549 3998 619 4052 erat3
645 3989 809 4041 intraenim
840 3985 910 4038 male
941 4003 984 4038 me
1009 3986 1137 4038 habebam
1162 4003 1252 4056 neque

153 4057 230 4108 exire
250 4061 359 4112 omnino
378 4063 406 4111 in
422 4069 538 4112 mentem
557 4062 650 4124 venit3
673 4059 741 4110 illud
761 4059 868 4127 quidem
886 4066 1030 4126 propterea
1050 4059 1146 4128 quod
1138 4075 1166 4110 sn
1189 4061 1253 4111 vin-

153 4128 225 4181 culis
245 4145 316 4181 eram
337 4141 363 4183 et
381 4141 444 4184 ante
462 4142 552 4201 portas
573 4133 688 4184 arbitros
708 4130 867 4196 metuebam,
887 4129 940 4181 hoc
957 4145 1023 4183 vero
1044 4131 1115 4200 quod
1127 4131 1252 4190 divinum

152 4203 321 4268 propositum
345 4202 530 4288 intelligebam
555 4206 687 4256 neminem
714 4204 818 4255 evitare
844 4217 925 4270 posse
957 4219 1008 4255 nec
1028 4204 1073 4271 qui
1098 4203 1146 4255 sub
1172 4199 1251 4254 coelo

151 4272 272 4325 ambulet
289 4290 340 4325 nec
366 4277 412 4344 qni
435 4278 463 4328 in
490 4293 624 4330 carcerem
649 4277 764 4330 iniectus
793 4275 838 4327 sit.
881 4274 991 4326 abelus
1023 4276 1092 4326 enim
1113 4273 1272 4326 voluntate.

152 4345 243 4398 omnia
266 4347 399 4419 pendent,
418 4365 594 4424 quaecunque
625 4356 760 4423 aperte
743 4350 810 4402 liunt
836 4355 862 4400 et
889 4362 1063 4418 quaecunque
1088 4346 1116 4399 in
1141 4355 1251 4398 recessu
1282 4420 1284 4424 Ι
