3184 5100
309 409 534 508 ursuomm
561 413 926 491 nrzmnruasxxv.
943 407 1011 491 ³0.
1031 407 1099 492 tt.
1214 415 1262 494 ot

159 582 396 664 τεκμαίρεσθαι
417 583 447 645 δ’
468 574 524 646 adv
547 581 600 648 καί
623 584 697 666 ἡμῖν
720 579 805 664 ὅπως
834 590 909 653 ποτὲ
932 586 974 654 τά
995 587 1146 673 γινόμενα
1167 591 1264 656 δίδιο·

160 704 212 745 σιν
234 679 281 754 τάς
305 684 439 758 πλοῦτος
463 685 517 748 καί
535 681 609 764 δέξο
635 685 690 751 καί
717 687 892 768 αὐτόνομος
914 690 1040 767 ε’ξουσία
1069 693 1265 778 σαφέστερον

161 777 339 867 α’νδριάπαυ
370 783 502 868 δρλσδσι
534 786 660 870 γνώμην
694 787 749 852 καί
767 788 867 874 φάσιν
896 781 916 873 ἢ
940 795 1032 855 πενία
1055 789 1109 856 καί
1128 790 1265 872 δπεξοά-

160 907 231 960 στος
254 884 373 950 δίαιτα.
399 885 504 974 δεσμῷ
526 886 587 970 γάρ
612 889 742 965 άδοξίαν
765 888 915 955 άκοάσιον
937 893 1095 976 ἐοικέναι,
1117 891 1161 979 μίρ
1184 889 1264 960 κατά
1339 881 1346 894 ’

136 983 293 1070 5γνάμην
320 983 411 1052 έιδντι
443 992 611 1054 κινεῖσθαι.
668 988 717 1054 διά
750 989 805 1054 καί
827 991 997 1057 λανθάνειν
1025 993 1069 1069 ὥς
1090 992 1130 1059 τά
1163 989 1263 1058 πολλά

161 1083 207 1169 μή
232 1084 305 1163 τούς
323 1085 434 1171 πόρρω
450 1091 572 1176 πέφυκε
587 1090 696 1172 μόνον,
721 1084 768 1156 ὅτι
783 1090 828 1175 μυ)
851 1091 906 1156 καί
927 1085 975 1168 οἷς
996 1093 1095 1159 πολάν
1118 1119 1189 1160 τινα
1205 1119 1265 1159 συ.

161 1193 265 1252 τεῖναι
286 1191 392 1272 γέγονε
412 1191 554 1273 χρόνον,
576 1189 614 1255 τά
642 1183 705 1278 ἤδη
727 1195 788 1258 τάν
809 1194 964 1259 πλείστων
985 1189 1092 1281 άσιιερ
1112 1191 1266 1280 χροάμασι

162 1297 229 1364 τοῖς
252 1285 371 1369 ἔξωθεν
394 1291 626 1375 ἐπιτηδεύμασι
652 1291 686 1358 τὸ
718 1299 774 1380 τῆς
805 1295 930 1380 γνώμης
956 1295 1118 1380 βάπτονται
1138 1291 1268 1380 πράσον·

163 1413 233 1456 πον.
277 1390 320 1466 ὥς
342 1395 493 1458 ἐντεῦθεν
514 1396 630 1473 ἐξεῖναι
652 1391 874 1478 διδάσκεσθαι,
899 1388 946 1472 οἷς
968 1396 1141 1485 συνῴκισεν
1162 1397 1181 1483 ἦ
1199 1396 1267 1483 φά-

122 1503 154 1557 10
163 1514 215 1567 σις
238 1489 386 1578 σάκεσιν,
414 1496 536 1579 μηδένα
558 1499 747 1582 μακαρίζειν
769 1498 845 1581 πρίν
871 1491 910 1562 άν
937 1499 983 1574 τίς
1004 1501 1090 1574 τέλος
1111 1496 1266 1585 άφίκνμαι

163 1592 221 1658 καί
238 1597 325 1670 τέλος
348 1595 460 1684 κάμψῃ
478 1599 561 1679 βίον,
581 1600 657 1685 μηδ’
681 1591 724 1692 αὖ
746 1596 800 1664 διά
823 1597 991 1686 τσάςπρίν
1013 1596 1209 1685 ἁμαρτάνειν
1233 1603 1267 1665 έν

161 1699 225 1784 βίιρ
246 1693 405 1780 νοσήμασι
425 1701 479 1763 κατ’
500 1698 669 1784 διαφόροις
690 1694 810 1766 πάθεσι
829 1701 1055 1782 κολαζομένους
1077 1705 1268 1787 μέμφεσθαι

163 1799 204 1883 τῇ
227 1796 370 1888 προνοίᾳ.
415 1791 481 1862 οἶδε
504 1798 564 1885 γάρ
591 1799 728 1867 άπάντα
753 1800 834 1885 πρὸς
855 1800 891 1866 τά
920 1806 1045 1884 βέλτιον
1066 1803 1266 1883 μιτασκευά-
1321 1810 1326 1816 ’

165 1899 229 1976 ζων
261 1895 337 1972 θεάς
368 1896 401 1963 τά
434 1898 579 1985 καθάπερ
617 1905 651 1967 έν
685 1903 803 1992 σποδιᾷ
828 1907 867 1990 τῇ
898 1901 1007 1990 γνώμῃ
1037 1903 1180 1982 κείμενον
1200 1901 1271 1982 πάρ·

122 2005 154 2059 15
163 1999 188 2038 ’ί
211 1997 267 2081 τῆς
288 2001 482 2084 φιλοδοξίας,
503 2001 546 2076 ὥς
568 2001 625 2068 ε’άν
638 2003 795 2088 δράξρταί
808 2025 897 2079 ’τινος
917 1999 1028 2088 ριέμης
1046 2000 1192 2086 κινσάονρς
1213 1994 1265 2068 υἷα
1278 2015 1297 2070 i.
1310 2013 1359 2070 108
1369 2012 1396 2069 b.

164 2103 271 2185 πνοῆς,
296 2097 414 2187 πολλὴν
442 2102 596 2187 α’νεγείρει
631 2091 736 2191 φλάμα
758 2107 879 2180 κακίας.
908 2106 950 2166 ου’
969 2105 1056 2184 μέντ’
1076 2094 1117 2168 άν
1138 2095 1195 2167 arla
1215 2100 1266 2188 εἴη

163 2203 227 2266 τοῖν
248 2200 435 2285 άπεικάτιυν,
456 2205 487 2268 εί
507 2204 654 2271 άπάντοον
666 2206 817 2286 καθάπαξ
838 2208 939 2274 εἰπεῖν
958 2204 1037 2270 κάπί
1054 2205 1132 2293 τῷδε
1153 2202 1268 2289 τάνδρί
1310 2273 1318 2285 x

164 2307 389 2391 πλανηθέντων
425 2309 655 2394 πεπλανὴμεθο
684 2312 739 2374 καί
768 2308 878 2392 ἡμεῖς,
908 2311 966 2373 τοῦ
988 2306 1069 2391 πρὸς
1093 2310 1205 2371 κακίαν
1227 2303 1267 2368 οδ

164 2406 254 2488 μάλα
288 2399 416 2490 ἑτοίμου
444 2411 580 2498 μηδαμῇ
608 2406 688 2494 πρὸς
719 2409 873 2475 ὑπόνοιαν
902 2409 1044 2494 εδχεράς
1066 2407 1266 2489 κινουμένου.

122 2507 360 2590 λθθαυμαστάν
395 2511 425 2576 δ’
456 2505 496 2577 άν
530 2511 633 2599 δήπου
663 2513 784 2594 μάλλον
813 2508 950 2596 εἴηπῶς
982 2511 1131 2577 τοσοῦτον
1152 2505 1269 2594 χρόνον
1381 2501 1384 2505 ’

164 2609 300 2693 ἀντέσχε
321 2611 427 2689 κάδοις
447 2617 506 2695 μὲν
521 2609 682 2679 δουλείαν
703 2606 807 2698 ἤθεσι,
829 2612 867 2679 τά
890 2613 920 2676 d’
933 2613 1033 2677 οἰκεῖα
1049 2608 1268 2696 συγκράπτιον,

164 2713 299 2798 πράγμα
324 2714 576 2800 δυσμαχώτατον
596 2712 651 2781 καί
675 2712 802 2801 σφόδρα
822 2718 859 2797 γέ
878 2737 909 2780 τι
931 2716 1196 2801 δυσκαρτέρητον.
1240 2710 1270 2775 εἰ

167 2978 259 3024 autem
278 2954 383 3023 ircanis
403 2970 558 3040 quibusdam
576 2970 765 3024 Providentiae
785 2968 933 3022 rationibus
945 2974 1082 3038 reguntur.
1118 2979 1270 3019 aerumno-

165 3044 210 3097 bis
227 3058 269 3107 ea,
288 3058 358 3111 quae
375 3056 446 3095 uunc
465 3051 604 3113 geruntur,
623 3044 735 3112 quodam
745 3043 824 3094 modo
834 3042 1066 3094 documento'essa
1084 3045 1205 3108 possunt,
1226 3038 1270 3090 di.

167 3116 251 3168 vitias
278 3114 447 3184 gloriamque
474 3131 505 3167 ac
532 3115 643 3168 liberam
668 3122 828 3184 potestatem
849 3112 991 3165 dilucidius
1017 3112 1132 3163 bominis
1157 3109 1271 3163 consilia

168 3195 252 3255 atque
270 3185 387 3239 indolem
405 3186 552 3252 declarare,
563 3203 640 3256 quam
655 3186 950 3256 'egestatemvitamque
968 3167 1035 3236 aliis'
1046 3165 1197 3235 obnoxiam.
1217 3182 1271 3233 ob.

167 3258 283 3311 scuritas
305 3259 375 3309 euim
394 3258 510 3327 ingloria
529 3260 621 3312 invitis
640 3260 761 3311 iniuncta
777 3256 874 3311 similis
890 3254 1050 3308 estvincnlo
1071 3254 1142 3322 quod
1161 3268 1271 3322 procu.

166 3333 265 3398 iusque
283 3329 394 3381 arbitrio
414 3330 497 3382 laxari
518 3338 642 3399 nequeat.
680 3346 762 3399 qnare
783 3328 942 3397 plerumque
962 3342 1017 3379 uon
1035 3325 1122 3378 solum
1139 3324 1270 3376 remotio·

167 3402 256 3466 ribus,
276 3402 323 3454 sed
344 3402 422 3453 etiam
440 3403 483 3465 iis,
505 3404 549 3470 qui
569 3403 736 3470 longumper
754 3410 926 3468 tempuscum
945 3401 980 3451 iis
1000 3397 1185 3460 versabantur,
1204 3409 1271 3446 vera

167 3474 252 3526 animi
270 3472 374 3525 indoles
395 3472 567 3540 plurimorum
582 3476 675 3543 ignota
693 3482 743 3537 eat,
755 3475 855 3541 qnippe
873 3487 954 3540 quum
975 3471 995 3521 ii
1014 3470 1108 3522 studiis
1127 3468 1183 3520 suis
1202 3480 1271 3534 qnae

167 3560 234 3613 prae
253 3560 283 3596 se
305 3544 404 3608 ierunt,
424 3552 547 3613 tanquam
568 3546 704 3597 coloribus
723 3546 803 3597 animi
824 3544 920 3595 laciem
938 3543 1065 3594 imbuant
1085 3540 1148 3591 inde
1166 3539 1271 3590 discere

166 3619 253 3679 licet,
273 3616 368 3685 quibus
387 3610 481 3668 n'atura
500 3618 665 3684 prudentiam
686 3618 772 3680 dedit,
792 3616 925 3667 nemiuem
956 3613 1063 3665 felicem
1089 3626 1149 3662 esse
1173 3610 1272 3662 dicen.

168 3692 242 3753 dum,
262 3688 415 3756 priusquam
435 3689 467 3740 ad
486 3689 563 3740 linem
586 3690 692 3741 venerit
712 3697 738 3739 et
757 3688 838 3741 vitam
858 3702 917 3737 cum
940 3692 1026 3736 morte
1046 3680 1271 3744 commutaverit,

168 3774 260 3829 neque
282 3774 347 3811 vero
367 3758 565 3813 Providentiam
584 3760 754 3812 incusandum
780 3774 862 3823 esse,
887 3758 910 3808 si
935 3756 1103 3824 quietim,
1129 3761 1271 3821 antequam
1303 3796 1310 3811 x

169 3840 284 3902 peccata
302 3832 493 3895 commiserint,
513 3832 611 3883 morbis
632 3840 658 3883 et
677 3832 759 3883 variis
780 3828 975 3882 calamitatibus
995 3829 1168 3895 castigentur.
1206 3825 1271 3877 dens

170 3906 251 3967 enim,
275 3904 321 3971 qai
342 3918 433 3955 omnes
453 3919 496 3955 res
516 3904 543 3954 in
562 3902 658 3956 melius
677 3903 801 3966 traducit,
821 3902 872 3953 scit
892 3898 1043 3967 cupiditatis
1063 3898 1168 3968 gloriae
1181 3898 1271 3966 ignem

169 3979 198 4029 iu
218 3976 307 4027 animo
332 3976 407 4043 quasi
425 3975 474 4027 sub
493 3976 584 4026 cluere
603 3974 740 4038 latentem,
760 3975 805 4042 qui
824 3972 907 4024 robur
929 3972 1058 4040 quoddam
1078 3978 1190 4033 nactus,
1218 3982 1271 4035 qno

160 4058 296 4117 tauquam
310 4046 381 4117 ¹datu
400 4054 549 4110 moveatur,
569 4062 692 4115 magnum
714 4046 865 4097 incendium
886 4043 1062 4111 improbitatis
1090 4041 1271 4094 exsuscitatu-

147 4136 216 4173 -rus
238 4121 282 4172 sit.
301 4133 356 4169 non
376 4119 459 4186 igitur
479 4120 515 4169 ita
534 4119 628 4170 mirum
647 4125 727 4185 atque
747 4118 985 4168 inconsentaneum
1005 4123 1055 4179 est,
1075 4115 1098 4166 si
1115 4112 1148 4164 ab
1169 4126 1201 4162 eo
1221 4110 1273 4161 ho-

170 4195 254 4256 mine,
273 4189 320 4242 abs
336 4204 390 4257 quo
409 4204 619 4257 omuesprorsns
634 4188 804 4252 fallebantur,
825 4189 904 4239 etiam
922 4201 972 4239 nos
993 4186 1160 4247 fallebamur,
1184 4196 1273 4251 quum,

174 4265 219 4333 qui
241 4266 301 4331 ipse
329 4261 362 4313 ad
383 4262 578 4328 improbitatem
595 4278 650 4315 non
669 4259 805 4313 admodum
824 4274 974 4327 propensus
993 4260 1049 4323 sit,
1072 4256 1274 4323 haudquaquam
1374 4298 1379 4304 ,

177 4336 261 4389 l'aoile
282 4332 315 4386 ad
334 4334 521 4400 suspicandum
542 4335 695 4389 adducatur.
714 4334 801 4403 magis
822 4341 909 4386 autem
928 4331 986 4399 quia
1004 4330 1094 4381 mirari
1113 4327 1208 4396 possit,
1221 4336 1274 4391 quo
