3184 5100
329 417 378 497 ον
627 419 850 493 orcnonom
882 413 1113 486 ennoonnn
1209 465 1215 473 .

331 589 466 678 φοιτῶσι
488 586 635 673 Παλαμᾷ
655 607 688 650 το
719 587 773 649 κατ’
805 585 951 670 Κοκκίνφ
979 581 1021 668 τῷ
1049 577 1239 661 Ἡρακλείας
1269 570 1438 658 ἑπισκόπρι

331 686 417 774 παρά
439 685 557 753 τοότων
578 690 694 768 μαθεῖν
716 687 939 766 ἐναργέστερον
967 683 1140 764 ἐξεγένετο,
1159 674 1207 759 εἴη
1229 667 1268 738 όν
1292 672 1377 756 ταδί,
1402 671 1438 734 ἓν

268 861 283 874 ἱ
332 793 391 874 μδν
412 784 459 855 ότι
477 785 655 872 Ῥωμαϊκήν
686 782 831 868 ἱστορίαν
851 786 915 848 τῶν
935 782 1105 865 γινομένων
1127 773 1273 842 ἁπάντων
1290 767 1439 855 συγγρά-

334 891 431 980 φοντί
447 913 498 956 σοι
519 887 645 974 σφόδρα
671 886 841 973 φιλότιμον
868 881 942 966 τόγε
964 884 1010 956 τίς
1028 883 1064 946 od
1085 871 1168 964 ἧκον,
1187 875 1290 957 εἰκός,
1311 875 1438 956 μάλλον

333 996 360 1058 δ’
379 995 437 1058 υίκ
458 991 541 1066 εἰκός
563 990 631 1054 αλλ’
654 985 783 1072 α’νάγκη,
804 988 859 1050 καί
882 987 957 1069 περὶ
982 985 1044 1048 τῶν
1065 981 1330 1065 τ’κκλησιαστικῶν
1352 983 1463 1058 συγ-5

331 1094 467 1181 γράφειν
490 1095 645 1174 πολέμων.
688 1090 736 1164 τίς
760 1088 822 1173 γάρ
845 1089 909 1152 τῶν
930 1087 1033 1168 μηδὲν
1062 1081 1192 1168 μηδαμῇ
1214 1074 1440 1165 προσηκόντων

332 1217 383 1260 σοι
412 1196 572 1279 δημοσίων
599 1186 813 1277 πραγμάτων,
849 1191 949 1274 φαίην
979 1188 1008 1249 δ’
1041 1178 1081 1249 άν
1116 1181 1172 1249 καί
1201 1180 1438 1262 οίκουμενικῶν,

334 1295 551 1378 αιλθαιρέτους
571 1293 718 1376 μόχθους
737 1283 979 1372 άναδιχόμτνον
1011 1289 1135 1368 βλέπων
1157 1306 1193 1350 σε
1219 1281 1311 1367 δόξης
1342 1281 1439 1346 ἕνεκα

336 1395 390 1460 διὰ
410 1399 467 1481 γῆς
489 1397 695 1478 πλανωμένης
723 1396 777 1456 κατ’
807 1389 841 1482 τό
867 1387 954 1472 ἴχνος
976 1390 1030 1452 ἐπί
1055 1387 1183 1470 σαθροῦ
1203 1381 1287 1460 τινός
1308 1381 1366 1447 καί
1385 1381 1440 1446 νό-

335 1503 398 1562 θου
420 1495 521 1582 φόνοι
549 1496 659 1569 κλέους
689 1487 894 1577 δρειδοάσης,
928 1489 980 1554 ἵνα
1011 1484 1133 1573 δηλαδη
1160 1485 1278 1568 μεστόν
1299 1484 1439 1551 σεαυτοῦ
1449 1499 1481 1552 to
1509 1498 1510 1559 ζ

337 1597 390 1665 τόν
412 1595 524 1685 ἐφεξῆς
554 1593 726 1682 καταλίπῃς
748 1596 868 1697 αἰῶνα,
902 1587 1043 1675 όποφιάς
1070 1590 1177 1675 ἀθῷον
1201 1588 1331 1675 άφεΐναι
1354 1579 1439 1649 ἀνά-

337 1721 457 1784 σχοιτο,
475 1695 530 1762 καί
548 1699 630 1782 μηδὲ
653 1697 758 1760 πάσαν
775 1692 917 1759 ἐνταῦθα
938 1695 1060 1774 μᾶλλον
1078 1687 1173 1774 ἶσχόν
1188 1687 1385 1753 καταθεῖναί
1401 1709 1439 1750 σε

337 1801 518 1867 σπουδάσαι
542 1801 702 1880 λογίσαιτο
730 1796 833 1879 λόγων
854 1797 918 1859 τῶν
939 1797 1012 1879 σῶν,
1034 1795 1088 1858 ἵνα
1111 1790 1254 1866 καὶτοὺς
1274 1789 1440 1863 κλύδωνας

337 1905 400 1969 τῶν
421 1902 561 1985 πατρίων
581 1897 755 1984 δογμάτων,
781 1893 856 1962 δσον
881 1892 1018 1982 ἐφικτόν,
1040 1893 1093 1984 διά
1118 1893 1220 1978 πάσης
1242 1886 1439 1978 δημοσιεόση

339 2005 395 2087 τῆς
412 2005 615 2087 οἰκουμένης,
638 2003 693 2065 καί
713 1994 780 2080 ἅμα
804 1997 878 2075 τούς
898 1996 976 2072 σοός
996 1993 1078 2082 ὑπὲρ
1099 1992 1217 2061 τούτων
1239 1993 1364 2077 οἷγῶνας
1388 1994 1442 2055 ἐν·
1452 2009 1483 2062 15

256 2129 259 2152 ¹
340 2102 438 2192 δτίξη,
454 2109 517 2184 Ικαί
532 2098 587 2180 σός
611 2103 662 2167 οἷοί
682 2099 761 2186 πρός
784 2101 847 2166 τῶν
869 2099 1045 2175 κακοδόξων
1066 2094 1231 2173 κινδίνους
1253 2093 1441 2181 ἐφίστασαι,
1510 2098 1511 2109 ’

341 2207 551 2271 παντοδαπῶν
574 2203 748 2282 οἷπόζοντας
773 2199 929 2266 θανάτων.
951 2197 985 2264 ἓν
1008 2202 1067 2282 μὲν
1089 2197 1128 2282 δη
1149 2191 1316 2263 οὖντοῦτο
1341 2199 1444 2283 φασίν

342 2305 443 2372 αἴτιον
462 2309 518 2371 τοῦ
532 2329 567 2390 γε
589 2304 628 2390 δὴ
650 2306 712 2370 τῶν
733 2298 837 2367 άλλων
860 2305 979 2383 μᾶλλον
1000 2300 1081 2367 κατά
1104 2303 1164 2365 ooo*
1187 2303 1344 2363 κινεῖσθαι
1366 2295 1444 2373 τοός

343 2409 543 2488 ἀντιθέτους,
563 2407 618 2471 καί
645 2405 793 2471 τοιούτων
815 2427 867 2469 σοι
889 2407 1038 2490 διηνεκῶς
1065 2401 1271 2480 συσκευάζτιν
1291 2401 1445 2465 θανάτων

276 2511 521 2595 anteponimus,
547 2502 691 2593 διάτορον
726 2509 755 2571 δ’
774 2501 832 2571 ότι
864 2506 927 2572 τῶν
958 2496 1061 2570 όλλων
1088 2499 1268 2591 α’φρόντιδα
1296 2502 1367 2585 βίον
1392 2502 1486 2571 nolti}

344 2608 490 2696 άμοχθον
517 2609 600 2676 οἴκοι
621 2610 862 2697 διατριβόντων,
891 2611 948 2672 οιλκ
981 2608 1108 2692 η’μίλεις
1129 2602 1226 2691 ζήλου
1248 2602 1288 2671 σά
1311 2604 1366 2669 καί
1385 2608 1452 2678 θο-,

345 2714 446 2801 paidos
475 2711 594 2790 παντός
617 2712 782 2795 ἐμπιπλῶν
812 2709 851 2776 τό
878 2714 1044 2795 βασιλειαν,
1074 2711 1131 2775 νῦν
1161 2708 1238 2793 μέν,
1268 2702 1324 2782 orig
1351 2708 1446 2791 είγέ-

348 3044 436 3091 tontes
456 3032 604 3095 dilucidius,
623 3035 656 3089 sb
678 3036 743 3105 ipsis
762 3053 807 3091 res
828 3051 995 3106 cognoscere
1012 3040 1145 3103 poterant,
1166 3034 1248 3088 hasce
1267 3032 1324 3088 iere
1351 3049 1445 3090 causas

349 3106 479 3163 afferunt:
497 3108 609 3177 primum
629 3110 749 3178 quidem,
771 3110 842 3179 quod
861 3110 910 3162 tibi
930 3109 1068 3161 historiam
1087 3108 1231 3161 Romanam
1257 3108 1374 3160 omnium
1398 3126 1446 3160 re.

349 3198 416 3245 rum,
435 3196 504 3249 quae
523 3188 661 3249 geruntur,
681 3183 852 3250 quantumin
872 3188 976 3245 tecet,
996 3182 1137 3233 ambitioso
1157 3180 1243 3233 studio
1265 3180 1447 3232 conscribenti

352 3259 558 3305 consentaneum
576 3252 622 3306 vel
642 3254 731 3320 potius
750 3254 934 3305 necessarium
953 3254 1007 3317 sit,
1037 3254 1117 3305 etiam
1135 3252 1169 3306 de
1188 3250 1376 3305 certaminibus
1397 3269 1446 3303 ec.

350 3324 509 3377 clesiasticis
533 3340 678 3393 exponere.
697 3322 756 3392 quis
776 3326 856 3388 enim,
876 3325 921 3393 qui
939 3324 1080 3377 molestum
1098 3341 1141 3378 res
1163 3324 1293 3392 publicas,
1315 3340 1384 3392 quae
1393 3326 1447 3376 mi.

349 3399 420 3451 nime
439 3394 472 3449 ad
489 3404 516 3447 te
531 3399 676 3466 pertinent,
696 3404 723 3447 et
740 3410 825 3463 prope
842 3396 954 3448 dixerim
972 3403 1028 3447 toto
1048 3396 1112 3448 orbe
1130 3405 1257 3449 terrarum
1268 3404 1359 3465 gestas
1378 3411 1447 3447 con.

351 3466 484 3523 scribendi
502 3466 620 3521 laborem
639 3474 667 3518 te
685 3466 755 3519 uitro
781 3470 972 3536 suscipientem
997 3470 1089 3521 vident
1113 3468 1218 3537 gloriae
1246 3484 1325 3520 cause
1347 3477 1447 3521 terrem

350 3540 523 3609 pervagantis
544 3548 571 3592 et
589 3538 733 3606 vestigium
752 3540 844 3606 putida
862 3540 974 3609 quadam
994 3549 1037 3607 et,
1066 3549 1095 3592 ut
1112 3542 1150 3593 ita
1170 3542 1273 3605 dicam,
1297 3540 1448 3593 adulterata

352 3612 420 3665 fama
438 3611 587 3678 innitentis,
605 3612 727 3663 nimirum
748 3618 777 3663 ut
796 3611 885 3664 futura
902 3611 1011 3664 saecula
1029 3622 1076 3665 tua
1094 3612 1183 3680 gloria
1201 3612 1281 3681 plena
1298 3612 1446 3681 relinquas,

351 3693 378 3736 ts
397 3683 551 3751 suspicione
572 3683 685 3735 liberum
703 3683 793 3736 sinere
813 3684 955 3737 sustinebit
973 3701 1063 3753 neque
1082 3687 1169 3753 potins
1190 3700 1293 3737 omnem
1309 3686 1363 3738 vim
1382 3695 1446 3737 tuo.

352 3770 409 3807 rum
428 3756 572 3808 verborum
594 3758 621 3807 in
641 3770 673 3807 eo
692 3763 719 3807 to
737 3771 841 3825 ponere
859 3756 1040 3822 arbitrabitur,
1059 3766 1089 3809 ut
1108 3758 1186 3809 etism
1203 3764 1375 3826 tempestates
1395 3774 1446 3826 pe.

352 3828 464 3877 trionum
482 3826 641 3895 dogmatum,
663 3837 789 3897 quantum
807 3828 866 3879 iieri
885 3830 979 3896 possit,
999 3845 1047 3896 per
1067 3838 1151 3881 totum
1171 3829 1262 3881 orbem
1280 3828 1393 3898 evulges
1406 3832 1446 3883 si-

325 3906 331 3913 *
352 3896 461 3964 mulque
484 3904 529 3949 tua
550 3900 694 3951 certamina
713 3915 761 3968 pro
778 3901 812 3953 iis
836 3909 961 3967 suscepte
981 3910 1061 3969 atque
1081 3900 1217 3970 pericula,
1239 3917 1331 3954 omnes
1348 3910 1446 3953 mortes

354 3968 513 4035 redolentia,
532 3970 564 4021 ab
582 3971 710 4039 improbis
728 3972 777 4023 tibi
796 3986 902 4040 semper
922 3975 1051 4026 intentata
1078 3972 1226 4026 ostendas?
1268 3974 1342 4026 Hanc
1370 3988 1448 4025 uuam

356 4054 416 4092 esso
438 4054 543 4092 causam
563 4043 664 4107 dicunt,
673 4053 784 4115 propter
804 4059 882 4113 quam
904 4046 1050 4099 adversarii
1071 4047 1098 4096 in
1110 4052 1144 4096 -te
1163 4045 1359 4110 vehementius,
1372 4060 1449 4114 quarn

354 4112 383 4162 in
401 4110 531 4180 reliquos,
552 4114 655 4165 incitati
674 4115 728 4167 sint
746 4116 848 4185 tibique
868 4126 998 4184 perpetuo
1016 4116 1153 4168 mortifera
1170 4116 1269 4184 pocula
1285 4124 1448 4185 comparent.

354 4182 441 4235 altera
460 4198 540 4237 causa
559 4192 608 4250 est,
626 4186 705 4253 quod,
725 4187 786 4241 aliis
808 4190 878 4240 domi
899 4191 980 4242 sitam
1000 4202 1120 4241 securam
1140 4196 1166 4240 et
1185 4189 1324 4241 socordem
1341 4189 1449 4259 agenti-

356 4254 415 4320 bus,
434 4262 463 4309 tu
481 4270 535 4309 non
558 4256 691 4313 cessabas
704 4258 765 4311 nelo
788 4269 816 4312 et
834 4260 918 4313 turbis
938 4260 1058 4313 omnibus
1077 4259 1190 4327 implere
1208 4262 1352 4329 palatium,
1371 4274 1449 4329 qnnm

353 4329 461 4416 penoris
479 4328 621 4387 nobilitato
640 4340 667 4387 et
686 4331 809 4391 fortunae
817 4331 1046 4390 vicissitudinibus
1061 4340 1171 4389 ornatos
1188 4333 1329 4405 splendide
1346 4332 1448 4405 patrios
