3184 5100
296 412 517 479 nrsromas
533 416 792 481 nszrunmas
810 372 1111 484 uslusto-tl.
1200 412 1273 487 283

177 577 245 657 χῶς
267 572 346 656 πρὸς
365 577 428 639 ταῖν
459 578 582 639 πολλῶν
614 578 669 641 τισί
697 577 794 653 οδτὸς
817 579 944 668 ’,α’κοιλης
967 582 1065 645 έκεῖνο
1095 577 1133 667 δή
1159 579 1194 645 τδ
1218 583 1275 645 τοῦ

175 674 351 749 Πλάτωνος
371 677 518 759 στρέμμα,
541 674 584 751 τίς
608 677 737 762 α’μαθής
760 675 808 761 τί,
834 673 861 744 ιδ
882 675 1010 764 ἑταῖρε,
1033 683 1087 745 καί
1113 682 1174 765 οὐχ
1196 683 1273 770 ἔπη·

175 768 196 860 ἦ
217 774 280 858 γὰρ
301 770 340 838 da
361 775 431 839 οὐδ’
452 776 551 841 ου’τοῦ
566 800 601 860 γε
623 775 660 862 δή
679 784 852 847 Βασιλτίου
872 784 929 845 τοῦ
947 784 1038 847 θείου
1061 784 1273 862 παντάπασιν,

175 876 220 951 ὥς
238 874 354 956 ἔοικεν,
384 877 517 961 α’νήιιοος
538 881 648 958 μείνας
676 883 714 969 τῇ
734 883 892 970 ἐπιστήμῃ
913 881 992 963 prend
1031 887 1086 967 τῆς
1108 882 1274 964 εὐσεβείας

147 974 261 1043 bodam
283 981 503 1061 repositorum,
528 978 693 1064 δμιλητέον
711 976 793 1046 εἶναι
814 988 956 1065 λέγοντος
979 991 1123 1068 ποιηταῖς
1146 983 1200 1047 καί
1219 990 1272 1047 lo·
1353 1044 1362 1051 .

174 1088 313 1161 γοποισῖς
346 1082 402 1143 κατ’
428 1077 560 1165 ῥήτορσι
595 1080 649 1145 καί
668 1085 764 1145 πᾶσιν
792 1082 977 1164 ἀνθρώποις
1007 1078 1082 1147 ὅθεν
1103 1076 1142 1147 έν
1163 1086 1273 1164 μέλλοι

175 1178 251 1261 πρὸς
271 1179 327 1263 τήν
346 1180 404 1262 τής
424 1182 533 1263 ψυχῆς
556 1183 738 1262 ἐπιμέλειαν
759 1182 900 1268 ω’φέλειιί
914 1208 960 1260 τις
980 1182 1123 1249 ἔσεσθαι.
1167 1177 1280 1265 ὥσπερ

173 1281 234 1363 γὰρ
259 1278 289 1345 οἶ
311 1283 496 1345 δευσοποιοί
521 1281 864 1365 προπαρακευοὶσαντες
897 1286 1084 1367 θεραπείαις
1118 1286 1201 1350 τισίν
1223 1277 1273 1348 ὅτι
1283 1288 1303 1345 l.
1320 1285 1370 1344 137
1382 1303 1406 1343 τ.

175 1382 242 1445 ποτ’
262 1373 301 1443 τίν
322 1373 344 1469 ᾗ
367 1378 402 1445 cd
430 1378 596 1462 δεξόμενον
617 1387 675 1468 τήν
694 1382 822 1469 βαφήν,
842 1378 925 1451 σέτω
956 1387 990 1450 τὸ
1014 1378 1112 1461 ἄνθος
1134 1382 1274 1467 ε’ποὶγσυ-

129 1495 237 1561 1οσιν,
257 1476 296 1546 ἄν
317 1506 350 1547 τε
382 1482 541 1564 ἁλουργὸν
570 1476 610 1547 ἄν
631 1484 666 1548 τί
689 1508 721 1547 τι
752 1487 858 1569 ἓτερον
884 1480 926 1574 ᾖ,
946 1484 1000 1551 τὸν
1021 1483 1119 1551 αέτόν
1153 1482 1192 1570 δή
1221 1482 1275 1547 κατ’

175 1581 269 1667 ήμεϊς
289 1577 414 1665 τρόπον,
436 1583 466 1645 εἰ
483 1586 594 1661 μέλλοι
617 1584 809 1661 α’νίτιπλυτος
832 1586 907 1669 ήμῑν
930 1587 949 1670 ή
971 1588 1028 1651 τοῦ
1050 1590 1149 1650 καλοῦ
1168 1610 1275 1668 παραυ

175 1689 283 1765 μένειν
306 1685 391 1767 δόξα,
416 1694 482 1758 τοῖς
511 1681 572 1763 ἔξω
595 1681 632 1769 δή
662 1687 784 1760 τούτοις
812 1692 1073 1769 προτελεσθίντες
1102 1688 1275 1771 τηνικαῦτα

178 1788 243 1848 τοῖν
263 1782 358 1867 ἱερῶν
391 1784 445 1848 ταί
468 1784 659 1868 ἀπορρήτων
688 1787 934 1868 έπατουσόμεθα
965 1788 1199 1869 παιδευμάτων,
1221 1790 1291 1849 κατ’·

175 1879 244 1951 olon
264 1888 299 1949 ἐν
319 1881 414 1950 ὕδατι
434 1884 490 1950 τόν
512 1879 601 1969 ήλιον
624 1886 698 1970 ὁρᾶν
716 1891 922 1973 ἐθισθέντες,
947 1887 1046 1963 σδτως
1069 1890 1154 1975 adep]
1176 1910 1276 1971 προσ-

130 1988 337 2070 ίὸβαλοῦμευ
367 1992 411 2075 τῷ
434 1987 528 2073 φωτί
548 1985 604 2063 uic
626 1981 729 2069 ὄψεις.
772 1992 896 2073 λέγεται
919 1992 974 2072 δέ,
995 1994 1095 2076 φησί,
1118 1991 1173 2054 καί
1193 1992 1275 2055 Μω-

175 2092 236 2173 σήν
273 2091 392 2154 ἐκεῖνον
413 2087 468 2153 τδν
488 2087 590 2173 πάνυ,
624 2081 662 2153 οὗ
689 2093 839 2174 μέγιστόν
867 2094 955 2156 ἐστιν
984 2092 1038 2157 έπί
1057 2092 1155 2181 σοφίᾳ
1186 2090 1273 2173 παρὰ

177 2194 277 2255 πᾶσιν
297 2190 481 2274 ἀνθρώποις
497 2184 610 2273 ὄνομα,
628 2200 694 2267 τοῖς
706 2196 895 2274 Αἰγυπτίων
908 2192 1099 2277 μαθήμασιν
1114 2196 1274 2275 έγγυμνο·

175 2288 314 2371 σάμενον
336 2291 393 2376 τήν
417 2291 561 2357 διάνοιαν
585 2287 665 2358 σέτω
685 2299 873 2378 προσελθεῖν
894 2296 933 2382 τῇ
949 2297 1072 2381 θεωρίᾳ
1091 2296 1147 2358 τοῦ
1170 2286 1272 2367 ὄντος·

177 2396 409 2476 παραπλησίως
444 2397 479 2457 δέ
511 2394 612 2481 ταύτην
647 2395 705 2458 τια’ν
739 2405 806 2471 τοῖς
837 2398 930 2460 udam·
939 2392 1070 2479 χρόνοις
1100 2394 1151 2459 τὸν
1172 2391 1274 2479 σὀφόν

126 2490 301 2573 2οΔανιήλ
319 2492 373 2558 sat
394 2498 589 2577 Βαβυλῶνος
610 2519 690 2580 φασι
711 2494 769 2580 τήν
793 2498 968 2563 Χαλδαίων
990 2500 1109 2582 σοφίαν
1130 2518 1275 2576 καταμα-

174 2591 275 2656 θόντα
298 2594 370 2656 τότε
392 2597 456 2658 τοῖν
475 2599 572 2660 θείων
593 2593 744 2679 ἅψασθαι
767 2595 1005 2678 παιδευμάτων.
1057 2594 1127 2661 duel
1155 2598 1231 2677 γοῦν
1253 2588 1274 2658 δ
1287 2596 1343 2649 ²!

175 2697 432 2780 πεντεκαιδεκέτη
453 2719 490 2760 σε
520 2701 639 2778 μαθεῖν
660 2701 761 2783 ε’χρήν
793 2701 852 2762 ου’νι
875 2696 1013 2780 ἔμαθες,
1032 2698 1107 2766 adds
1130 2721 1165 2780 γε
1189 2694 1276 2782 φρά-

173 2817 271 2878 τορας
299 2791 428 2882 ἑπτέτης
450 2795 574 2884 ἔφυσας
595 2799 675 2864 κατέ
692 2822 726 2882 γε
749 2798 805 2864 τὸν
826 2803 858 2878 ἐξ
878 2801 1020 2884 Ἀττικής
1043 2798 1143 2886 οοφὸν
1164 2799 1293 2878 alnetus

179 3127 213 3164 ex
232 3109 323 3162 multis
343 3117 371 3161 et
387 3109 447 3178 ipsa
467 3110 558 3161 audias
582 3110 648 3162 illud
666 3110 786 3163 Platonis
810 3111 970 3176 ludibrium,
997 3125 1073 3180 quarn
1093 3111 1214 3162 indoctus
1237 3125 1275 3176 es,

177 3183 276 3245 amice,
296 3197 386 3249 neque
404 3181 583 3249 intelligendo
601 3197 650 3233 nos
670 3186 832 3252 assequeris.
874 3183 997 3250 prolecto
1017 3183 1102 3246 enim,
1120 3197 1276 3250 quamquam

176 3269 213 3306 ne
233 3253 318 3320 ipsius
339 3252 444 3320 quidem
463 3251 557 3304 Basilii
584 3254 669 3305 divini
688 3255 788 3307 videris
807 3257 914 3306 omnino
943 3253 1098 3324 neglexisse
1127 3251 1275 3303 institutio.

176 3339 262 3386 nem,
281 3324 319 3374 ita
343 3323 497 3375 offendebas
523 3325 684 3376 inscientia
711 3334 736 3376 et
762 3327 882 3393 pietate,
910 3327 956 3394 qui
981 3326 1086 3394 quidem
1111 3322 1277 3374 familiariter

177 3395 305 3446 utendum
324 3410 385 3446 esse
404 3395 470 3446 dicit
493 3397 581 3461 poetis
599 3403 625 3446 et
654 3397 787 3450 historicis
815 3406 841 3448 et
859 3397 1010 3449 rhetoribus
1037 3405 1063 3447 et
1084 3394 1204 3448 omnihus
1224 3394 1276 3444 ho.

176 3465 304 3527 minibus,
327 3466 471 3533 exquibus
491 3468 523 3518 ad
541 3468 622 3517 animi
637 3483 725 3519 curam
745 3470 846 3522 fructus
865 3469 963 3537 aliquis
977 3468 1168 3519 redundaturus
1186 3466 1228 3517 ait.
1248 3472 1277 3515 ut

179 3539 249 3588 eninr
272 3536 418 3588 infectores
438 3553 496 3588 cum
518 3548 708 3605 praepararunt
726 3541 837 3592 multum
861 3539 997 3594 tractando
1016 3540 1060 3602 id,
1082 3538 1152 3608 quod
1170 3551 1277 3588 succum

177 3608 308 3674 recipiat,
326 3616 381 3659 tum
400 3609 503 3660 demum
527 3610 643 3661 colorem
663 3611 812 3676 obducunt,
841 3613 900 3664 slva
926 3625 1087 3680 purpureum
1108 3606 1276 3669 rinadium,

179 3680 274 3730 eodem
292 3669 375 3745 igilur
394 3682 473 3732 modo
491 3696 544 3732 nos.
565 3697 681 3750 quoqne,
706 3685 728 3734 si
747 3683 921 3734 indelebilem
942 3681 1020 3734 nohis
1041 3679 1152 3748 gloriam
1172 3677 1277 3746 pulchri

176 3765 289 3811 manere
309 3749 450 3815 volumus,
470 3761 609 3820 postquam
628 3753 699 3818 illis,
721 3771 789 3823 quae
810 3762 884 3805 extra
903 3761 978 3816 sunt,
1007 3751 1155 3820 praeparati
1177 3764 1276 3812 sumus,

176 3829 233 3873 tom
251 3822 356 3872 demum
375 3838 476 3874 sacram
503 3830 529 3873 ct
555 3832 684 3876 secretam
712 3828 849 3877 audiemus
873 3825 1033 3887 doctrinam,
1062 3830 1089 3873 ct
1107 3829 1135 3872 ut
1153 3828 1231 3872 antea
1249 3821 1276 3870 iu

176 3907 248 3960 aqua
278 3892 363 3945 solem
388 3895 481 3945 ridere
510 3894 583 3946 soliti
609 3911 713 3960 sumus,
739 3898 776 3947 ita
802 3899 829 3947 in
854 3896 943 3947 lumen
974 3895 1059 3961 ipsum
1089 3899 1275 3945 convertemus

177 3962 283 4015 oculos.
324 3965 434 4032 [dicitur
449 3973 546 4029 autem,
564 3967 658 4034 inquit,
678 3967 765 4020 bloses
786 3982 892 4036 quoque
910 3965 959 4017 ille
979 3965 1179 4028 celeberrimus,
1199 3964 1274 4014 euius

174 4036 319 4087 maximum
342 4044 383 4087 est
408 4043 518 4103 propter
541 4039 697 4103 sapientiam
717 4040 786 4106 apud
806 4039 927 4090 homines
956 4051 1046 4088 omnes
1073 4049 1186 4099 nomen,
1216 4049 1275 4085 cum

177 4109 207 4157 in
226 4106 316 4157 literis
334 4107 528 4173 ¹&egyptiorum
550 4117 664 4160 mentem
683 4125 756 4161 snam
775 4111 960 4174 exercuisset,
981 4117 1035 4160 tum
1057 4107 1160 4158 demum
1180 4121 1276 4157 acees-

176 4179 249 4230 sisse
271 4178 305 4228 ad
322 4179 445 4229 veritatis
465 4180 619 4231 scientiam:
642 4181 723 4232 simili
739 4182 845 4232 ratione
866 4182 944 4232 etiarn
962 4187 1055 4248 postea
1073 4176 1212 4230 Danielem
1232 4189 1277 4228 sa.

181 4249 302 4316 pientem
318 4249 410 4300 dieunt
428 4249 567 4318 Babylone
586 4251 779 4304 Chaldaeorum
799 4254 956 4320 sapientiam
981 4251 1101 4302 edoctum
1125 4262 1213 4300 rerum
1234 4247 1278 4297 di-

181 4319 308 4374 nidorum
326 4321 474 4377 doctrinan
491 4327 644 4396 tractasse]
683 4326 808 4396 qnoniam
828 4339 897 4399 quaa
917 4323 1066 4396 quindecim
1086 4331 1170 4378 annos
1188 4323 1277 4372 natan

675 4423 696 4460 0
