3184 5100
193 412 198 420 ·
247 416 471 485 moronus
486 412 747 484 amirmulin
763 412 901 483 xxxiv.
922 396 1111 487 [ιλ-50.
1176 400 1252 483 tot

87 567 88 598 ³
148 578 187 645 τό
209 578 319 663 ποιόν,
345 582 378 659 ἐξ
400 570 438 644 οό
465 574 706 666 ε’μφαίνεταιῆ
742 576 923 653 ἀλλοίωσις.
965 580 994 643 εἰ
1015 579 1076 662 μὲν
1094 570 1150 643 ούν
1171 577 1253 643 κατὰ
1262 580 1319 651 n

87 751 89 760 ‚
149 679 186 745 τό
208 679 301 747 ποιόν
311 678 565 767 μεταβέβληται,
585 680 744 766 νενόηται
756 681 816 765 μὲν
838 676 918 765 πρός
954 678 1141 757 ἀλλοίωσιν,
1170 679 1191 765 ἡ
1217 679 1253 747 δέ

87 777 88 780 “
150 783 221 845 ἐστι
249 779 555 867 μετασχηματισμός
579 781 785 869 χαρακτῆρός
808 805 892 857 τινος
920 778 1045 866 ἢκατό
1065 807 1097 845 τι
1116 784 1179 847 τεόν
1198 783 1255 847 τού

87 875 88 906 ³
149 878 360 965 ύποκειμὲνοο
390 882 575 969 πράγματος
603 884 781 969 ἔξαλλανή,
807 884 977 968 χωριστιύς
1009 881 1030 967 ἢ
1064 882 1254 969 όχωριστως

87 978 88 983 ¹
121 983 442 1066 δέπισυμβαίνοοσα.
492 981 589 1069 όόπερ
600 982 728 1047 ἀλλοῖον
748 984 808 1066 μὲν
836 982 892 1048 καί
915 982 1073 1069 διόφορον
1092 986 1149 1048 τού
1170 1006 1251 1069 προ-

87 1083 88 1110 ³
148 1083 244 1168 τόροο
269 1084 438 1162 δείκνυσιν,
462 1083 499 1147 ού
520 1082 584 1168 μὴν
601 1084 636 1148 δέ
650 1106 686 1169 γε
711 1080 787 1148 ἄλλο
803 1110 834 1149 τι
853 1082 889 1149 τό
906 1084 1130 1167 ἀλλοιούμενον
1153 1083 1252 1170 ἀπερ-

149 1184 299 1269 γάζεται·
343 1183 380 1249 ού
403 1181 466 1270 γὰρ
490 1183 655 1261 ούσιωδῶς
674 1184 867 1269 μετέβαλεν,
899 1176 975 1268 ἀλλ’,
1000 1186 1034 1249 ἐκ
1054 1187 1179 1250 τοιοῦδε
1199 1182 1254 1249 τόν
1337 1246 1349 1251 -

87 1285 89 1317 ²
150 1282 247 1351 αύτόν
275 1285 397 1351 τοιόνδε
423 1284 505 1349 κατὰ
529 1283 565 1350 τό
596 1284 688 1350 ποιόν
718 1285 871 1372 γενέσθαι
896 1286 1059 1371 πεποίηκε.
1111 1286 1201 1352 τοῦτο
1224 1286 1253 1348 δ’

87 1385 89 1416 ³
150 1386 207 1449 ούκ
230 1386 368 1464 ἔστινέξ
401 1384 485 1452 όλων
506 1384 580 1453 όλον
605 1384 887 1473 μεταβεβλῆσθαι·
937 1384 972 1453 τό
996 1385 1058 1473 γὰρ
1081 1382 1252 1469 ύποιιείμε-

104 1492 140 1547 10
149 1508 205 1549 νον
225 1479 378 1569 ύποηιένὲι
399 1486 524 1563 πάντας
546 1487 737 1570 σωζόμενον.
792 1488 821 1551 εἰ
843 1488 879 1553 δὲ
899 1484 980 1552 κατὰ
1001 1484 1036 1551 τό
1060 1486 1169 1565 ποσόν,
1192 1480 1251 1550 αύέ
1281 1490 1284 1497 ’
1364 1526 1379 1537 ·-

87 1617 88 1622 ¹
148 1585 242 1671 ξησίν
263 1610 334 1651 τινα
352 1582 374 1671 ἢ
392 1587 529 1670 μείωσιν
548 1588 687 1665 ἐδέξατο.
713 1586 781 1651 ἀλλ’
805 1587 880 1653 ούδὲ
899 1591 999 1653 ταῦτα
1019 1584 1096 1652 ἄλλο
1107 1612 1138 1653 τι
1160 1584 1251 1673 παρόι

87 1691 89 1724 ¹
148 1685 184 1751 τό
209 1689 244 1765 ἐξ
269 1686 371 1773 ἀρχῆς
393 1686 540 1775 ύπόρξαν
572 1694 675 1766 ποιεῖ,
700 1687 768 1751 ἀλλ’
799 1690 834 1753 ἐκ
854 1690 987 1754 τοσοῦδε
1006 1686 1060 1753 τόν
1082 1686 1178 1753 αύτόν
1197 1712 1251 1753 το-

87 1790 90 1828 l
149 1789 244 1853 σόνδε
275 1785 357 1853 κατὰ
383 1786 425 1853 ’τό
458 1790 590 1873 πηλίκον
624 1790 776 1875 γενέσθαι
802 1790 981 1874 πεποίηκεν.
1033 1787 1146 1854 ούκοῦν
1178 1786 1319 1869 crisim

87 1898 89 1928 l
145 1885 231 1951 ’κατὰ
252 1890 364 1952 τοῦτον
385 1888 441 1953 τόν
458 1888 578 1974 τρόπον
600 1891 633 1967 ἐξ
657 1887 741 1955 ὅλοιν
754 1886 813 1975 όλη
832 1890 1066 1973 μεταβέβληται
1086 1886 1106 1973 ἦ
1126 1888 1250 1975 μορφή.

87 1996 139 2048 ’15
148 1986 292 2051 λείπεται
318 1983 375 2053 ούν
404 1989 507 2075 λέγειν
533 1994 610 2055 καθ’
641 1988 739 2075 αότὴν
771 1992 1051 2073 μεταβεβλῆσθαι,
1091 1989 1167 2075 περί
1194 1987 1250 2073 τὴν

87 2100 89 2132 i
148 2086 262 2153 ούσιάν
294 2090 433 2174 δηλαδή,
462 2087 505 2165 ὥς
532 2089 669 2176 ἀνάγκην
698 2085 782 2155 εἶναι
811 2093 919 2156 πᾶσαν
954 2093 988 2155 ἐκ
1022 2090 1176 2175 γενέσεως
1205 2090 1250 2165 εἰς

87 2203 88 2244 ὲ
149 2187 289 2276 φθορὰν
310 2190 366 2255 καί
399 2194 458 2255 τού
490 2186 580 2267 όντος
603 2194 656 2268 -είς
673 2191 712 2256 τύ
732 2192 891 2277 μηδαμῶς
919 2184 1001 2257 εἶναι
1022 2190 1249 2277 κεχωρηκέναι.

87 2331 88 2340 ¹
149 2287 232 2354 όλλόι
251 2289 308 2375 τὴν
329 2291 514 2377 θνηιότητα,
533 2293 640 2377 φησίν,
665 2292 844 2358 ’ἀπεδύσατο
867 2292 923 2357 καί
941 2292 998 2375 τήν
1019 2288 1148 2378 φθορὰν
1171 2291 1249 2355 cine-

87 2402 88 2434 Τ
127 2396 276 2472 νίψατο.
319 2391 469 2477 πρόσθες,
493 2395 522 2457 εἰ
541 2392 659 2476 βούλει,
682 2392 730 2459 ότι
749 2394 806 2459 καί
828 2394 873 2469 εἰς
893 2393 929 2459 τὸ
952 2394 1088 2480 οἷόρατον
1105 2391 1141 2457 τύ
1163 2390 1248 2479 ’όρα-

87 2490 202 2566 torio
222 2492 347 2577 μέτεισι
366 2494 422 2560 καί
444 2495 490 2571 εἰς
508 2493 557 2560 τό·
579 2491 716 2582 ἄχρονον
742 2493 777 2560 τό
802 2491 865 2560 ύπό
885 2494 1017 2581 χρόνον,
1048 2494 1104 2560 καί
1125 2490 1161 2558 τό
1181 2516 1249 2558 κτι-

87 2630 88 2637 *
149 2593 223 2659 στόν
244 2596 290 2671 εἰς
309 2592 345 2658 τό
369 2591 523 2676 ἄντιστον,
554 2597 610 2662 καί
632 2594 694 2662 όσα
717 2592 952 2662 ἄλλατοιαῦτα
975 2596 1155 2662 ἀντίκειται.
1179 2595 1248 2660 ἀλλ’

87 2736 88 2739 =
149 2694 187 2758 ού
205 2693 263 2779 τὴν
285 2697 463 2782 θνητότητα
490 2722 539 2775 τις
559 2697 679 2784 γρόφει
702 2696 777 2762 ούδὲ
796 2696 860 2781 ’τὴν
877 2697 1132 2784 μεταμόρφιοσιν
1152 2694 1250 2781 αὐτὴν

148 2798 223 2860 καθ’
246 2793 362 2881 αύτὴν·
413 2795 450 2860 ού
480 2796 543 2884 γὰρ
575 2795 651 2863 όύνεο
673 2796 822 2880 στόματος
851 2798 903 2884 ἐφ’
928 2791 1046 2882 ἑαυτήν
1066 2819 1141 2862 ποτε
1162 2801 1249 2860 βεα-

149 2896 343 2982 ρηθήσεταί,
376 2898 448 2963 ἐπεὶ
476 2899 560 2984 μηδὲ
601 2899 753 2984 λευκότης
784 2895 807 2982 ἢ
838 2898 1012 2983 μελανότης
1038 2895 1248 2980 ύποκειμένοο

1372 684 1386 712 Ι

87 3206 88 3217 ’
147 3216 192 3262 ant
211 3207 315 3260 infinite
332 3207 413 3273 iacta,
432 3222 501 3275 quae
519 3206 636 3258 ostendit
654 3205 757 3260 varium
778 3213 807 3258 et
824 3206 969 3260 diversum.
1005 3220 1061 3260 uon
1086 3207 1156 3258 euim
1175 3203 1249 3263 oliuri

91 3335 103 3354 ο
147 3281 176 3333 lit
194 3279 412 3349 quod‘variatur,
431 3278 531 3347 qnippe
549 3292 604 3330 non
625 3277 807 3330 essentialiter
825 3285 997 3345 permutatur,
1016 3277 1064 3331 sed
1076 3277 1166 3330 extuli
1179 3277 1248 3329 idem

87 3372 88 3377 ¹
146 3352 207 3407 talis
226 3352 259 3404 ad
277 3351 433 3420 qualitatem
451 3350 489 3402 lit.
525 3364 580 3400 non
590 3350 675 3400 omnis
686 3350 793 3400 omniuo
805 3358 977 3416 permutatur.
1017 3349 1165 3402 subiectum
1178 3349 1248 3400 enim

146 3423 226 3490 plane
245 3423 341 3473 mansit
358 3423 501 3490 integrum.
539 3421 580 3472 sin
600 3435 666 3472 vero
688 3421 721 3473 ad
742 3423 925 3488 quantitatem,
948 3421 1097 3473 auctionem
1119 3421 1249 3490 quandam
1292 3466 1297 3484 ,

146 3502 190 3545 aut
208 3494 415 3544 deminutionem
433 3492 548 3559 recepit,
567 3492 667 3563 sedne
693 3493 761 3543 haec
786 3493 892 3561 quidem
917 3491 990 3546 aliud
1015 3507 1093 3560 quam
1119 3491 1189 3560 quod
1215 3489 1248 3542 ab

87 3566 88 3595 ³
145 3565 222 3616 initio
245 3565 337 3614 aderat
358 3565 488 3627 eiliciunt,
506 3564 553 3615 sed
573 3580 607 3615 ex
631 3571 705 3614 tanto
725 3563 796 3614 idem
824 3571 924 3615 tantum
944 3563 1089 3615 secuudum
1108 3561 1246 3631 quantita.

91 3633 94 3639 '
144 3643 197 3686 tem
221 3635 346 3686 eflicitur.
382 3650 437 3688 non
454 3636 538 3702 igitur
556 3634 606 3686 hac
624 3636 729 3686 ratione
741 3636 850 3686 omniuo
870 3635 955 3686 omnis
970 3635 1054 3688 forma
1074 3641 1248 3700 permutatur.

144 3713 227 3757 restat
244 3707 327 3772 igitur
341 3713 372 3757 ut
384 3708 502 3758 dicemus
515 3705 549 3756 (le
567 3707 762 3774 permutatione
776 3721 826 3772 per
838 3722 868 3758 se
886 3707 905 3760 i.
919 3722 943 3757 e.
965 3705 1149 3758 essentialiter
1168 3703 1247 3767 iacta,

87 3778 89 3841 ἔ
145 3792 197 3845 qna
216 3792 329 3828 necesse
349 3785 390 3828 est
413 3793 447 3828 ex
466 3785 526 3828 ortu
553 3779 727 3828 inoccatum
753 3785 781 3828 et
802 3792 836 3828 ex
855 3793 915 3830 esse
934 3778 962 3828 iu
992 3791 1047 3828 non
1068 3791 1128 3828 esse
1147 3775 1246 3827 delabi.

145 3848 191 3900 sed
211 3846 417 3912 mortalitatem,
435 3849 542 3915 inquit,
572 3849 696 3916 deposuit
716 3856 742 3900 et
769 3851 968 3918 corruptionem
995 3847 1089 3899 abluit.
1127 3847 1203 3911 adde,
1223 3846 1246 3898 si

87 3931 88 3949 ³
143 3918 233 3982 lubet,
260 3917 289 3970 in
314 3919 453 3970 invisibile
471 3920 566 3970 mutari
593 3919 703 3972 visibile
728 3927 755 3970 et
778 3921 810 3972 in*
835 3919 1013 3986 intemporale
1040 3915 1199 3986 temporalo,
1220 3924 1249 3986 et

87 3992 89 4023 l
144 3997 261 4041 creatum
279 3989 308 4040 in
326 3990 472 4042 increatum
493 3996 521 4039 et
538 4005 607 4057 quae
635 3990 689 4042 alia
711 3989 841 4042 eiusmodi
868 3992 991 4058 opposita
1017 3997 1088 4044 sunt.
1126 3990 1246 4042 sednon

87 4064 89 4097 l
144 4059 331 4113 mortalitatem
356 4061 402 4128 qui
419 4061 575 4126 scripserit,
596 4077 647 4112 nce
668 4063 931 4130 transfigurationem
960 4077 1073 4129 persc;
1100 4061 1247 4114 nonenim
1344 4118 1348 4126 Ι

87 4134 88 4165 l
144 4133 203 4185 sine
221 4146 336 4200 corpore
355 4146 404 4198 per
421 4148 452 4184 se
469 4146 584 4200 uuquam
606 4134 738 4199 apparuit.
784 4148 839 4186 non
859 4134 929 4186 euim
958 4131 1053 4185 albedo
1073 4141 1119 4184 aut
1136 4132 1248 4200 nigritia

87 4208 88 4235 l
144 4205 202 4258 sine
220 4204 353 4255 substrato
375 4203 542 4254 constabant.
587 4203 670 4256 iorma
703 4212 731 4255 et
756 4205 841 4256 iacies
873 4219 948 4270 non,
968 4209 998 4256 ut
1017 4203 1094 4256 hicce
1113 4211 1199 4272 putat,
1218 4204 1247 4252 in
1327 4227 1329 4236 =

87 4278 88 4307 l
144 4276 250 4329 ‹leitstis
269 4282 390 4326 naturam
409 4275 544 4326 immutata
566 4283 616 4328 est.
644 4291 699 4328 non
718 4291 799 4344 posse
818 4277 870 4328 hoc
889 4275 958 4342 lieri,
978 4276 1029 4326 iam
1048 4283 1127 4328 autea
1148 4275 1246 4326 dictum

87 4350 88 4379 ³
147 4355 187 4403 ost
208 4355 235 4400 et
253 4353 368 4399 testatur
386 4347 486 4399 ueritas
504 4348 564 4415 ipsa
588 4361 623 4399 ex
640 4356 765 4401 accurato
782 4349 942 4402 tractatione
967 4363 1057 4400 rerum
1075 4354 1196 4399 naturam
1220 4349 1248 4396 ct

241 4441 404 4516 usqum
422 4443 532 4516 crate.
560 4443 616 4500 mo
636 4444 692 4502 ιιι.
1019 4445 1056 4502 ao
