3184 5100
333 391 408 470 tot
633 394 859 470 uictorem
891 396 1121 469 mamonis

326 569 444 630 τῶντε
464 563 550 647 μόλα
570 563 730 629 πλουσίων
751 562 809 629 καί
831 558 893 650 μή,
917 568 973 631 καί
993 570 1055 631 τῶν
1074 567 1193 647 μᾶλλον
1214 564 1349 646 ένόόξων
1372 568 1426 632 καί

325 665 389 749 μή,
420 668 477 731 καί
508 660 607 740 οότως
638 664 684 730 ότι
702 668 787 748 τρισί
811 671 892 752 μησί
920 672 975 732 καί
1001 664 1035 732 τό
1063 669 1119 750 τῆς
1142 666 1263 753 όροφῆς
1285 670 1345 733 sori
1365 665 1424 734 νεοό

325 764 509 847 λειπόμενον
532 769 756 833 έκτετέλεσται.

346 908 354 917 ε
430 870 508 932 Τίνα
532 868 562 930 d'
584 861 640 951 ἤν,
672 861 700 931 ol
721 873 798 934 καλέ
817 864 1049 952 Ἀγοθόγμελε,
1078 870 1173 935 ταῦθ’
1195 867 1217 933 ἀ
1240 868 1293 934 daal
1315 873 1426 946 κακίας

324 973 470 1053 μέγεθος,
493 970 602 1053 φειδοῖ
620 970 683 1033 τῶν
704 970 833 1052 ἀνδρῶν
856 971 1006 1051 ἐκείνων,
1025 972 1086 1036 τῶν
1108 990 1143 1034 τε
1167 966 1321 1053 λεγόντων
1343 968 1427 1057 φημί
1433 986 1450 1039 5

298 1074 302 1080 ’
325 1075 381 1134 κατ’
400 1072 462 1135 τῶν
482 1069 671 1148 ἀκουόντων,
696 1071 848 1160 σιωιιοόσῃ
865 1073 1079 1154 παρέαεμψας
1093 1066 1237 1157 ydolum
1258 1071 1424 1155 μηδὲγὰρ
1517 1132 1518 1135 ,

324 1164 405 1235 εἶναι
429 1172 519 1233 δοκεῖ
527 1193 582 1252 μοι
600 1172 662 1234 τῶν
673 1170 770 1254 μήπω
784 1176 820 1253 γέ
842 1194 893 1237 σοι
907 1175 1086 1253 λεχθέντων
1107 1169 1147 1235 τό
1169 1174 1326 1254 λεχθέντα
1345 1170 1425 1254 μήτε

323 1273 425 1351 μείζω
444 1269 524 1352 μήτε
547 1268 611 1354 μὴν
641 1268 834 1354 ἀιοιιῶτερα.
878 1266 963 1353 ὅμως
992 1269 1120 1356 έκλογὴν
1148 1271 1360 1355 ποιησόμενος
1382 1268 1423 1336 σό

238 1379 243 1390 “
322 1394 358 1455 ys
374 1371 522 1436 κάκεϊθεν
537 1359 683 1453 μετρίαν,
705 1367 775 1454 ἓνῆ
796 1370 856 1436 ‘doio
877 1376 939 1437 τῶν
952 1376 1153 1456 κουφοτέρων
1169 1373 1359 1456 ἀπαγγεῖλαί
1367 1395 1425 1452 μοι

172 1487 175 1496 “
261 1532 271 1539 ,
324 1472 563 1557 ιιροθυμὴθητι,
589 1473 632 1548 ῶς
651 1470 696 1556 μὴ
719 1460 901 1538 ἀποκναίειν
923 1475 1002 1557 μήτε
1026 1476 1136 1561 μακρᾷ
1165 1473 1237 1560 σιγῇ
1258 1470 1314 1550 τός
1336 1472 1467 1557 ἢμῶνλο

256 1690 314 1743 40
414 1674 495 1737 ,Καί
516 1678 575 1753 μὲν
598 1673 637 1758 δὴ
659 1680 786 1757 πρῶτον
809 1674 890 1740 ἔστω
913 1696 983 1755 σοι,
1007 1679 1082 1739 θεία
1103 1700 1158 1755 μοι
1189 1673 1322 1761 κεφαλή,
1345 1674 1423 1756 πρὸς

323 1773 477 1856 ἀκρόασιν
496 1772 530 1838 τό
554 1780 628 1857 περὶ
649 1779 714 1839 τῶν
730 1774 904 1857 βαρβάρων
921 1778 1057 1855 ἐκείνων,
1078 1774 1111 1840 οἳ
1126 1778 1281 1859 ,διηνεκῶς
1297 1770 1426 1863 soldos

320 1875 485 1957 βοόλοινιο
507 1874 585 1956 perol
618 1878 735 1958 πολλῆς
757 1874 941 1956 κωμάζουσι
962 1884 1018 1959 τῆς
1051 1874 1213 1963 ῥαστῶνης
1235 1878 1281 1952 είς
1301 1873 1338 1941 τά
1360 1881 1425 1958 βα·
1518 1938 1519 1957 ,

321 1976 435 2057 οίλειο,
456 1976 663 2061 ’μυσταγωγοό
681 1977 737 2041 καί
756 1975 909 2062 πρόεδροι
930 1979 985 2061 τῆς
1008 1971 1144 2059 ἀσεβοῦς
1174 1980 1347 2063 θρησκείας
1371 1970 1424 2042 όν·
1433 1992 1465 2048 15
1518 1970 1519 1975 ¹

320 2100 379 2158 τις,
399 2079 456 2142 καί
473 2079 544 2157 βίον
555 2082 624 2158 μέν,
644 2076 689 2153 ῶς
709 2081 820 2163 φασίν,
840 2072 972 2144 όσκεοόν
993 2100 1028 2141 τε
1047 2082 1102 2141 καί
1122 2069 1226 2161 ἄζυγα
1244 2074 1423 2167 βόσκοντες,

255 2200 258 2205 ·
321 2179 437 2262 γαστρί
450 2182 484 2245 dl
502 2179 630 2245 πόντων
640 2179 779 2261 μάλιστα
790 2176 995 2258 όουλεόοντες
1011 2180 1066 2244 καί
1079 2180 1311 2261 ἀκρατοποσίας
1324 2178 1423 2263 ἧττῶ.

320 2302 422 2360 μενοι,
442 2282 496 2344 καί
517 2274 635 2364 όσαὶτό
658 2283 715 2360 τῆς
736 2279 911 2375 ἐπιθυμίας
935 2279 1111 2345 ἀκόλαστον
1132 2278 1314 2362 ἀναφλέγω.
1336 2270 1424 2343 οὗτοι

321 2382 427 2444 τοίνυν
447 2379 624 2461 μελλοόσης
640 2382 696 2461 τῆς
715 2376 803 2459 όοροῖς
824 2383 984 2462 τελεῖσθαι
1003 2381 1229 2461 μυοταγωγίος
1246 2380 1280 2441 όν
1304 2382 1348 2465 τῷ
1361 2378 1425 2442 τῶν

320 2482 493 2561 βασιλείων
514 2474 604 2553 ἐκτός
625 2475 702 2565 ἱερῷ
722 2482 868 2559 τεμένει,
888 2477 1007 2563 χοροός
1033 2475 1182 2553 ἱστῶντος
1202 2481 1313 2542 ἐκεῖνον
1334 2475 1469 2561 σαράνο

321 2577 378 2655 τός
398 2583 582 2660 βασιλείους
602 2576 705 2654 αόλάς
727 2578 943 2664 ἀντᾴδουσίτε
974 2578 1205 2665 τῆν’γυμνικῆν
1226 2575 1346 2663 ἐκείνην
1367 2578 1426 2661 όρ-
1519 2663 1520 2668 ¹

282 2703 286 2707 ·
321 2681 474 2761 χοόμενοι
497 2668 649 2762 ὄρχησιν,
683 2677 738 2742 καί
764 2675 901 2760 ἀσήμοις
924 2687 1075 2762 κλαγγαῖς
1109 2677 1168 2754 τός
1191 2682 1249 2742 τοῦ
1273 2678 1427 2760 Μωόμεδ
1519 2671 1520 2730 l

226 2846 232 2856 ,
322 2779 503 2860 ἀναβοῶσιν
533 2775 619 2869 ρι’όός
650 2783 705 2844 κατ’
733 2778 810 2855 τοός
840 2773 979 2862 όμνους,
1002 2782 1044 2844 dt'
1066 2771 1110 2844 ῶν
1139 2784 1195 2843 καί
1214 2779 1426 2845 ἀνθέλκουσιν
1519 2779 1520 2838 1

321 2876 399 2964 ιιρός
420 2876 479 2963 τὴν
498 2871 622 2944 ἑαυτῶν
643 2882 765 2961 μᾶλλον
786 2875 940 2966 ἀκρόασιν
964 2874 986 2965 ἢ
1005 2879 1062 2964 τὴν
1088 2884 1149 2946 τῶν
1170 2885 1269 2946 θείων
1290 2877 1426 2963 εόαγγε-

322 3191 448 3246 tributunr
478 3191 617 3261 Byzantiis
643 3193 788 3262 imperarit
814 3194 958 3246 secundum
986 3193 1117 3262 oniasque
1142 3191 1184 3244 roi
1209 3191 1373 3244 domesticae
1398 3201 1427 3246 et

321 3264 471 3318 nobilitatis
490 3267 631 3318 rationem.
668 3267 705 3318 ita
722 3265 807 3320 tribus
829 3265 963 3319 mensibus
983 3263 1116 3334 reliquum
1143 3261 1237 3332 templi
1255 3271 1353 3316 tectum
1375 3281 1426 3318 re.

321 3345 464 3392 stauratum
484 3345 534 3389 est.
1329 3345 1331 3364 ¹

422 3424 576 3488 Nonnulla,
595 3426 622 3476 in
643 3441 723 3490 uam,
741 3425 946 3494 Agathangole,
969 3425 1003 3477 ob
1028 3424 1185 3477 calamitatis
1203 3423 1425 3492 magnitudinem,

321 3497 425 3550 veritus
445 3511 480 3547 ne
499 3442 758 3566 homineslegerem
777 3506 804 3549 et
821 3498 952 3560 audirent,
970 3495 1091 3548 oratione
1111 3505 1156 3548 tua
1173 3495 1297 3548 omisisti.
1333 3511 1426 3563 neque

323 3570 392 3620 enim
411 3567 513 3620 maiora
533 3575 561 3619 ut
578 3567 643 3619 mihi
663 3569 779 3633 videtur,
802 3581 878 3636 quam
898 3583 966 3636 quaa
986 3584 1001 3620 a
1020 3575 1047 3619 te
1068 3567 1138 3620 dicta
1159 3573 1221 3619 sunt
1238 3572 1327 3636 neque
1346 3565 1426 3619 insu.

322 3639 439 3692 lontiora
459 3645 571 3707 possunt
589 3638 652 3691 dial.
689 3648 777 3691 tamen
803 3641 964 3707 parsimonia
989 3640 1099 3708 quadam
1129 3639 1258 3691 orationis
1277 3653 1357 3690 unum
1378 3637 1425 3690 vel

228 3776 231 3779 ι
321 3712 373 3763 duo
394 3724 486 3762 eorum
506 3724 574 3780 quae
588 3709 661 3762 levia
679 3719 741 3763 sunt
758 3711 840 3767 velim
858 3711 923 3762 mihi
942 3726 1060 3777 enarres,
1080 3726 1115 3762 ne
1133 3710 1215 3778 longo
1230 3710 1339 3763 silentio
1360 3711 1425 3777 opi.

319 3783 409 3834 nantis
428 3782 542 3834 animum
560 3797 651 3850 nequo
670 3781 794 3852 longiore
819 3785 940 3835 oratioue
960 3795 1038 3836 aures
1060 3781 1192 3836 audientis
1212 3781 1351 3834 obtundas.

421 3876 535 3929 Primum
554 3880 637 3947 igitur
655 3880 747 3932 divine
766 3881 809 3931 vir
827 3880 918 3930 audias
944 3895 986 3930 mo
1004 3887 1155 3931 narrantem
1177 3879 1210 3930 de
1228 3877 1347 3930 barbaris
1367 3875 1425 3930 illis

323 3948 368 4016 qui
388 3950 599 4018 quandocunque
626 3950 723 4003 volunt
742 3964 800 4002 cum
820 3967 920 4003 summa
943 3950 1078 4002 hilaritate
1104 3950 1310 4018 progrediuntur
1330 3949 1356 3998 iu
1376 3965 1425 3999 re.
1446 3983 1448 3994 .

322 4020 390 4088 gius,
410 4027 438 4070 ut
457 4022 592 4085 mysteriis
610 4024 786 4089 superstionis
805 4023 902 4090 impiae
924 4023 1058 4090 praesint,
1081 4030 1108 4074 et
1125 4021 1282 4073 dissolutam
1301 4019 1425 4070 incordi.

322 4099 428 4157 tamque
448 4091 530 4141 vitam
548 4100 631 4158 agunt
649 4093 813 4161 indulgendo
832 4095 921 4146 ventri
947 4103 974 4146 et
994 4093 1161 4145 vinolentias
1182 4100 1208 4143 et
1227 4091 1354 4160 quidquid
1374 4105 1426 4140 ou.

322 4161 433 4227 piditate
462 4162 573 4213 excitari
598 4162 678 4214 solet.
724 4164 750 4213 hi
779 4165 863 4232 igitur
887 4181 966 4233 quum
993 4166 1019 4215 in
1042 4164 1142 4230 templo
1168 4163 1237 4232 quod
1266 4161 1426 4225 insedibus

321 4233 405 4300 regiis
426 4241 467 4284 est
485 4247 561 4285 sacra
579 4234 706 4298 mysteria
725 4233 820 4287 facturi
839 4238 902 4300 sint,
923 4238 951 4288 in
982 4236 1056 4287 atriis
1076 4235 1189 4287 solemni
1210 4234 1306 4286 saltatu
1325 4245 1355 4286 se
1375 4247 1426 4283 ex-

324 4311 417 4360 sreeat
446 4312 474 4361 et
501 4304 645 4360 iaooaditis
670 4307 788 4360 earmina
814 4308 977 4377 etdpmnos
997 4307 1154 4364 mahometis
1184 4313 1289 4360 canunt.
1329 4303 1431 4376 qulbus
