3184 5100
329 390 405 471 tot
513 371 521 387 ’
628 370 852 466 urcunnoai
884 392 1113 493 onnuonna

234 611 238 615 -
331 564 568 642 σκευασμίνους
590 561 750 646 χαιρούση
770 558 878 645 χνύμη
899 555 1049 641 χρήματα
1069 555 1233 635 καὶδόξαν
1257 553 1317 619 σύν
1337 545 1433 629 ὅσαις

332 658 527 743 προσήκουσι
550 656 719 735 δεξιώσεις
744 664 853 739 τιμαῖς
888 658 1094 721 συνοικοῦσαι
1122 656 1352 733 παντοδαπαῖς,
1374 677 1431 717 και

333 751 398 825 οἷαι
418 782 469 825 σοι
491 758 567 843 πρὸς
588 756 769 863 βουλήσεως
790 751 853 821 εἷεν
875 753 926 821 ἄν.
970 758 1012 829 ου’
1031 754 1092 838 γὰρ
1113 756 1306 839 ἀνεμέσητον
1325 757 1370 840 μή
1396 757 1431 829 ὂς

333 857 369 924 τῦ
394 863 466 924 δεόν
487 828 669 943 κεχρῆσθαί
699 882 735 923 σε
767 860 810 945 τῷ
833 860 945 923 δέοντι.
990 854 1057 936 ε’ξὸν
1087 854 1150 941 γὰρ
1171 848 1374 939 εὐδαιμονεῖν
1395 876 1430 919 τε

270 986 282 1013 ⁸
332 961 388 1031 καί
406 961 553 1081 χαίρειν,
581 958 622 1025 ού
654 961 684 1021 δ’
714 956 879 1042 δθελονιής
906 960 1046 1047 α’φανείφ
1072 957 1128 1022 ναί
1152 956 1235 1045 λύπῃ
1266 956 1458 1040 συντήκειςδ

332 1060 459 1142 σαυτόν,
481 1065 537 1125 καῖ
558 1061 685 1145 ούδαμῇ
697 1082 732 1142 γε
755 1058 918 1143 ῦρροῦοθαι
940 1061 1036 1133 δίδως
1049 1082 1129 1141 προς
1152 1058 1186 1123 τὸ
1208 1060 1310 1142 νῆφον
1334 1050 1462 1133 αῦθις,

266 1162 388 1233 aaron
406 1159 463 1232 σύν
494 1162 650 1244 λογισμόν.
706 1161 737 1224 εἰ
763 1162 798 1224 δὲ
833 1159 914 1244 τύχη
949 1160 1005 1224 καί
1029 1158 1063 1223 τδ
1092 1156 1272 1239 αύιύμαεον
1300 1152 1368 1241 ῦγει
1390 1154 1431 1223 τῦ

332 1267 407 1326 καθ’
436 1262 520 1345 ἡμᾶς
550 1266 606 1326 κατ’
634 1259 689 1345 τὴν
721 1260 812 1343 ἡμῶν
841 1264 874 1339 ἐξ
914 1260 1058 1345 α’φανοῦς
1096 1261 1434 1342 ε’πιειθεταιτυραν-

333 1367 433 1428 νοῦσοι
473 1367 621 1444 θέλησιν,
665 1364 721 1425 καί
752 1354 890 1436 ’ῦιιοντες
933 1364 1059 1443 δρῦμεν
1089 1363 1144 1429 καί
1182 1357 1349 1443 πύοχομεν
1378 1357 1433 1421 ὕπ’

334 1461 469 1547 ύνύχκης
491 1462 593 1527 ὁπόσα
615 1468 678 1527 τῶν
698 1464 816 1547 ίκείνης
837 1462 957 1547 ῥοθίων
979 1461 994 1527 ὁ
1020 1458 1144 1527 κλύδων
1162 1461 1282 1545 ἐπύγιι,
1303 1459 1355 1525 σοι’
1373 1462 1433 1542 μὲν
1444 1472 1480 1527 10

335 1565 392 1629 ούκ
413 1568 555 1646 ἐγκαλεῖν
576 1565 671 1647 οῦδὲν
687 1561 735 1628 ἔτι
748 1564 815 1627 οῦδ
836 1558 931 1647 ὅρους
946 1572 1042 1631 κινεῖν
1059 1562 1311 1646 ῦπεζενχμδννυς
1332 1555 1449 1644 atvar&

214 1675 406 1741 λ113τ.καις
426 1660 625 1747 βουλήσομαι
646 1667 706 1729 τοῦ
725 1665 847 1746 λοιποῦ,
877 1663 944 1731 ἀλλ’
975 1660 1142 1748 δπόψομπι
1175 1662 1229 1726 καί
1248 1661 1432 1745 φυλάξομαι

333 1764 391 1849 την
411 1764 616 1845 α’δροὶστειαν,
638 1764 829 1830 τοδντεῦθεν
852 1762 895 1839 τίς
918 1762 1001 1839 εἰνὰς
1023 1764 1258 1849 ἀφοσιούμενος
1273 1761 1434 1845 τόλμημα.

334 1864 497 1931 πυθέσθαι
529 1866 559 1928 δ’
592 1858 649 1929 οδν
679 1860 766 1947 ὅμως
795 1864 959 1946 βούλομαι·
988 1865 1067 1948 πρὸς
1095 1867 1149 1947 τῆς
1182 1868 1238 1948 τῆς
1258 1854 1436 1949 rupinum

333 1972 488 2049 βέλτιστε,
511 1968 675 2048 τύκριβίς·
728 1969 759 2030 εἰ
783 1966 844 2049 γὰρ
880 1969 972 2029 τοῦτο
1003 1971 1127 2047 κρατεῖν
1146 1988 1187 2043 με
1205 1963 1355 2042 πείσειας,
1376 1961 1435 2027 οῦκ
1446 1972 1479 2027 15

336 2063 376 2131 ύν
413 2063 549 2151 φθάνοις
583 2065 721 2147 βαθεῑύν
750 2089 806 2146 μοι
834 2064 1045 2155 χαριζᾷμενος
1074 2064 1212 2149 ἡδονήν,
1243 2062 1371 2147 μακρὰς
1401 2064 1436 2126 ἐν

334 2171 455 2250 βραχεῖ
471 2170 525 2249 τῆς
546 2169 625 2250 ίμῆς
646 2168 890 2253 ἀποσφενδονῶν
903 2167 958 2231 ναί
977 2169 1208 2251 ύπορραπῖζων
1228 2168 1338 2249 ψυχῆς
1353 2166 1437 2228 α’πο-

336 2269 418 2349 ρίας,
443 2264 540 2350 αῖηδη
564 2266 618 2330 διὰ
638 2271 766 2350 μακροῦ
788 2268 847 2351 τὴν
876 2277 930 2351 τῆς
948 2270 1026 2351 ἐμῆς
1057 2270 1199 2341 διανοίας
1222 2262 1330 2333 ἑστίαν
1351 2288 1437 2350 σφο-

337 2370 420 2450 δριῦς
441 2372 679 2450 κατασχοῦσαν,
708 2372 767 2431 νῦν
801 2372 859 2448 μὲν
886 2372 934 2431 ἐπ’
958 2361 1088 2452 ῦπειρον
1120 2362 1254 2447 υῦξουοι
1277 2364 1350 2443 τούς
1373 2370 1438 2431 νῦν

338 2470 422 2548 ίμιῦν
456 2473 635 2554 φροντίδων
665 2494 698 2533 τε
724 2473 779 2533 καί
812 2474 970 2552 λοχισμιῦν
991 2467 1232 2554 α’ναριθμητους
1262 2464 1481 2590 ύριθμούς,λί)
1514 2498 1515 2564 ρ

337 2569 392 2633 καί
410 2571 466 2644 τοῖς
486 2595 520 2654 χε
542 2571 580 2652 δη
601 2575 767 2646 συνθέσεις
798 2595 832 2636 τε
860 2597 910 2665 και
936 2573 1112 2646 ἀντιθέσεις
1133 2575 1224 2656 οφοῦν
1246 2595 1297 2636 ναι
1294 2571 1437 2634 ’ἐδιαθ·
1514 2567 1515 2588 ’

336 2695 403 2747 οεις
424 2665 530 2735 ἄλλοτ’
555 2667 659 2746 ἄλλοις
680 2657 984 2756 παρεισκυκλοῦ,σαι
1007 2673 1114 2736 νῦνδ’
1135 2676 1183 2738 ἐπ’
1206 2664 1337 2754 ῦπεερον
1358 2675 1450 2750 τέμ-

337 2779 432 2839 νουσί
446 2794 501 2853 μοι
523 2795 574 2836 ται
598 2774 761 2858 διαιροῦσι
787 2772 822 2838 τύ
851 2776 999 2858 μέγεθος
1014 2776 1068 2858 τῆς
1097 2773 1293 2856 αύθαιρίτευ
1323 2771 1436 2858 λύπης,
1514 2819 1515 2932 η

249 3081 254 3087 ·
337 3068 391 3124 lem
410 3069 520 3144 cupiunt
539 3069 707 3136 familiarem,
717 3088 762 3140 qua
780 3079 905 3144 tanquam
923 3071 1063 3145 Zephyrus
1074 3071 1125 3126 aibr
1144 3087 1257 3124 animum
1269 3064 1436 3138 permulceat
1514 3055 1515 3128 i

339 3151 366 3195 at
386 3143 472 3211 parati
490 3148 551 3197 sunt
569 3143 602 3196 ad
621 3143 824 3210 locupletandae
850 3159 916 3211 opes
944 3159 1003 3196 eum
1030 3144 1185 3212 voluptnte
1193 3135 1302 3212 φεεδείο
1322 3151 1350 3194 et
1370 3144 1437 3212 gio

337 3216 402 3267 riam
424 3214 546 3268 omnibus
570 3215 615 3283 qui
633 3215 729 3267 docent
750 3216 884 3266 amioitiae
905 3215 1052 3268 honoribus
1068 3223 1094 3268 et
1114 3217 1160 3288 qui
1181 3231 1213 3267 err
1232 3213 1372 3267 voluntate
1391 3224 1438 3267 tua

262 3295 287 3342 “,
319 3286 439 3338 'inerint
457 3289 608 3339 ornandam.
627 3301 679 3336 nec
696 3287 765 3338 enim
784 3287 1048 3338 inultumdimittitur
1066 3289 1090 3338 si
1108 3289 1179 3339 iusto
1198 3288 1295 3340 iustum
1313 3301 1367 3338 non
1386 3288 1436 3338 ari.

338 3357 466 3411 hibueria.
505 3358 571 3410 licet
590 3358 665 3408 tibi
658 3373 685 3408 au
705 3357 838 3410 felicitato
862 3367 889 3410 et
897 3358 1046 3426 voluptate
1066 3362 1188 3423 versari,
1207 3368 1236 3411 tu
1256 3373 1320 3410 varo
1340 3367 1436 3442 sponte

339 3429 489 3481 catamitate
508 3437 535 3480 et
552 3443 676 3479 moerore
694 3437 723 3480 te
741 3425 882 3481 consumis.
902 3447 952 3482 neo
971 3447 1085 3498 unquam
1099 3431 1131 3482 ad
1150 3431 1321 3483 sobrietatem
1343 3431 1437 3482 venire

339 3502 448 3568 patieris
467 3508 582 3553 mentem
600 3508 679 3552 tuam.
717 3501 759 3553 sia
777 3517 843 3552 voro
870 3502 976 3555 fortuna
995 3510 1022 3553 et
1042 3519 1118 3554 easus
1138 3503 1205 3553 ierat
1224 3517 1267 3552 res
1287 3511 1391 3553 nostras
1410 3508 1440 3552 et

340 3571 505 3625 voluntatem
524 3571 602 3623 nobis
620 3587 678 3622 oum
692 3571 827 3624 dominatu
842 3575 954 3640 quodam
965 3576 1084 3640 imponit,
1104 3575 1150 3624 ita
1158 3581 1187 3624 ut
1206 3574 1283 3624 inviti
1298 3573 1329 3624 ad
1349 3587 1436 3640 agen-

340 3644 400 3695 dum
421 3651 448 3694 et
465 3645 617 3710 patiendum
635 3646 799 3696 necessitato
817 3645 1017 3711 compellamur,
1043 3645 1111 3696 nihii
1131 3651 1255 3710 superest
1273 3644 1344 3712 quod
1363 3643 1437 3694 obii.

342 3716 406 3765 eins.
426 3731 478 3766 nee
496 3716 562 3767 tinea
578 3716 821 3767 necessitudinibus
833 3717 948 3768 munitos
962 3733 1018 3768 sum
1035 3716 1187 3768 turbaturus
1206 3717 1233 3766 in
1252 3717 1378 3779 futurum,
1389 3715 1437 3766 aad
1514 3731 1515 3784 i

340 3784 529 3838 Nemeeius
484 3803 529 3837 sua
530 3787 626 3852 pieiam
641 3794 668 3837 et
685 3787 844 3850 venerabor,
864 3790 1013 3840 temeritato
1032 3795 1061 3838 ut
1079 3803 1126 3854 par
1146 3797 1186 3840 est
1203 3781 1316 3838 abiecta.
1354 3786 1437 3839 velim
1514 3815 1515 3836 r

339 3863 437 3918 tamen,
460 3858 502 3908 uir
525 3858 633 3923 optime,
657 3874 703 3910 ma
723 3859 806 3942 piane
833 3823 928 3910 δοοοει
954 3859 1092 3926 prudentia
1123 3867 1185 3923 tua3
1217 3859 1313 3910 etenim
1341 3859 1364 3909 si
1389 3857 1437 3908 hos

341 3933 477 3992 praestate
495 3928 560 3977 mihi
578 3931 763 3994 persuaseris,
790 3946 833 3983 me
858 3944 911 3982 non
937 3933 1110 3998 praeveneris
1137 3931 1204 3981 hano
1233 3923 1296 3980 mihi
1317 3943 1437 3996 magnam

341 3997 506 4062 voluptatem
536 3999 705 4064 praebendo,
724 4017 804 4067 quum
833 4001 909 4053 brevi
932 4011 1053 4070 temporo
1080 4017 1187 4070 magnas
1206 4001 1386 4052 dubitationes
1406 4014 1439 4050 ex

340 4069 427 4119 animo
447 4083 506 4118 meo
520 4069 667 4120 deturbatis
683 4079 709 4122 et
724 4073 869 4138 depuleris
890 4089 957 4140 quae
973 4073 1077 4142 quidem
1093 4077 1137 4126 diu
1151 4089 1193 4123 me
1212 4073 1439 4158 vehementerque

341 4140 557 4206 deprimebants
551 4156 600 4189 iam
614 4143 805 4207 cogitationum
828 4148 1002 4198 sanationum
1021 4145 1243 4196 multitudinem'
1236 4159 1263 4194 m
1285 4146 1439 4194 immensum

341 4219 441 4278 augent
465 4219 492 4262 et
514 4194 723 4278 compositiones
754 4223 780 4266 et
800 4219 984 4284 oppositiones
1004 4223 1030 4266 et
1048 4217 1238 4284 dispositiones
1263 4231 1351 4267 earum
1374 4214 1440 4265 alias

340 4283 420 4340 aliter
430 4283 602 4351 intrudunt,
594 4299 646 4336 ram
656 4300 722 4338 aero
735 4287 763 4340 in
779 4288 934 4340 immensum
948 4288 1095 4350 dilacerant
1107 4305 1139 4342 ao
1153 4289 1303 4355 dirumpunt
1315 4285 1442 4362 tristitiae
