3184 5100
277 418 500 487 nrsronur
516 421 776 489 cumminas
793 425 903 491 xxix.
923 406 1112 494 tre-tt.
1190 418 1264 495 tot

163 576 349 664 α’ναθὴματι
380 586 577 667 καταστῆναί
591 609 657 660 πως
679 585 851 672 αύτηκοος,
881 584 961 670 μήτε
981 585 1045 671 μην
1067 583 1123 663 τύς
1142 585 1265 655 ἐκείνου
1366 648 1368 651 .

163 691 238 764 παρ’
273 680 374 766 αῦτην
404 689 569 766 γινομένας
602 688 761 768 λαθραίοις
787 682 941 771 μηνύσεις
969 691 1025 752 καί
1053 684 1265 771 παρακλὴσεις

165 785 283 859 ύτελεῖς
305 784 570 867 παρακρούεσθαι
602 790 775 871 δυναμένη.
829 786 883 851 καί
913 788 996 852 τοῦτ’
1029 781 1069 871 ἦν
1090 784 1108 851 ύ
1129 789 1188 871 τὴν
1209 791 1264 871 τῆς

165 884 329 968 ἐκκλησίας
351 884 406 948 κατ’
424 887 486 949 τῶν
507 887 604 951 θείων
625 891 702 961 τέως
723 889 891 969 δογμάτων
920 886 1048 969 ἔσβεσεν
1069 888 1262 973 ε’πανύρθω-

134 992 214 1049 5σιν
235 983 314 1065 μετοὶ
338 988 393 1078 τῆς
417 989 495 1069 ε’μῆς
517 985 548 1061 ic
568 970 664 1051 τοῦτο
681 991 834 1071 σπουδῆς,
859 983 948 1069 οἶμαι
970 994 1027 1053 τοῦ
1048 993 1127 1054 θεοῦ
1148 998 1263 1054 τελεω-

163 1091 257 1168 τέραν
281 1086 325 1150 ἔτι
344 1091 492 1169 γενέσθαι
513 1084 570 1169 τὴν
590 1090 654 1174 τοῦν
675 1088 756 1171 ῦπὲρ
779 1088 947 1171 εὐσεβείας
970 1088 1154 1155 ἀθλούντων
1176 1094 1264 1155 δοκι-

162 1189 282 1268 μασίαν
304 1190 591 1273 ε’πιψηφιζομένου.
644 1187 684 1251 ου’
712 1187 774 1271 γὰρ
802 1193 864 1253 νῦν
885 1191 1070 1275 α’ρξαμίνων
1100 1192 1212 1255 α’θλεῑν
1234 1190 1263 1260 oi

108 1283 111 1292 ⁴
164 1292 314 1372 στέφανοι
336 1290 393 1351 καί
414 1286 453 1351 τοὶ
475 1285 612 1370 ἔπαθλα,
635 1287 715 1353 α’λλοὶ
736 1294 799 1355 τῦν
823 1282 902 1373 ῦχρι
924 1294 1032 1367 τέλους
1054 1291 1163 1358 α’νύειν
1184 1316 1264 1375 προ-

163 1389 376 1467 θυμουμένων
404 1383 529 1452 ύποιντοι
548 1387 607 1459 τύν
635 1393 692 1453 τοῦ
721 1387 845 1473 δρύμου
867 1394 1006 1455 δίαυλον.
1036 1390 1085 1455 διδ
1109 1393 1164 1457 κατ’
1186 1403 1264 1459 πολ-

119 1514 154 1567 10
165 1485 254 1562 λα’κις
274 1479 380 1552 ῦλλων
390 1490 581 1555 ’κοπιώντων
600 1481 705 1553 ,ῦλλοι
727 1489 800 1565 τούς
822 1494 947 1557 ἐκείνων
966 1492 1110 1575 μόχθους
1131 1494 1265 1578 α’πονηςί

165 1586 366 1668 λαμβάνουσί
383 1613 418 1655 τε
449 1589 504 1654 κατ’
535 1591 750 1672 ἀπολαύουσι,
780 1592 852 1675 μήτ’
887 1594 1013 1657 ἐκείνων
1044 1595 1264 1679 ζημιονμὲνων

166 1687 222 1763 τῦς
240 1682 377 1769 α’μοιβοίς
397 1688 475 1773 πρὸς
494 1694 552 1769 τοῦ
576 1693 849 1773 ἀγωνοθετοῦντος
877 1696 959 1757 θεοῦ
980 1692 1032 1757 διοὶ
1065 1698 1124 1758 νοῦ
1143 1693 1264 1776 μεταξύ
1323 1698 1329 1709 ’

163 1791 229 1851 τοῦν
254 1788 383 1871 α’γούνων
402 1790 645 1872 θανύτου,-και“
669 1797 734 1857 τοῦν
762 1794 904 1876 ὑστέρων
934 1790 1167 1859 κοινωνούντων
1199 1802 1264 1869 ταῖς
1360 1802 1362 1808 ‘

164 1883 300 1970 πραύτυις
323 1890 377 1953 διὰ
400 1887 457 1973 τήν
487 1896 550 1956 τιῦν
579 1888 705 1978 τρόπων
737 1889 906 1978 δμοιύτητα
938 1898 993 1976 τῆς
1026 1897 1178 1977 διανομῆς
1204 1896 1264 1957 τιύν

119 2016 154 2069 15
165 1993 337 2074 βραβεύων,
357 1991 397 2055 τῦ
415 1991 504 2078 βύθη
526 1997 590 2057 τοῦν
614 1996 675 2059 τοῦ
689 1997 768 2057 θεοῦ
790 1990 951 2079 κριμύτων
972 1988 1010 2057 οῦ
1033 1998 1217 2077 δυναμένων
1232 1989 1265 2057 ἒν
1360 2032 1368 2043 -

165 2088 285 2166 τούτοις
310 2087 400 2175 ἡμῶν
421 2096 564 2174 δρευνοῖν.

263 2188 411 2258 Εἶκύσειε
434 2196 463 2257 δ’
487 2189 526 2259 ῦν
546 2220 594 2273 τις
615 2192 692 2271 ἴσως
713 2196 755 2272 οῦς
776 2206 842 2274 τοῖς
862 2198 990 2279 α’σεβὲσι
1012 2196 1160 2271 διωκταις
1176 2197 1338 2281 ripoinus

164 2296 307 2357 τουτοισί
339 2285 518 2375 μετανοίαςΙ
540 2298 674 2379 α’νοίγοον
693 2297 801 2380 θύραν
830 2297 973 2375 δκοινὸς
1008 2300 1192 2383 προμηθοῦς
1215 2302 1264 2363 δί-

166 2394 245 2457 δωσί
265 2418 298 2459 τε
330 2399 482 2481 διαμονῆς
508 2396 621 2482 κσιρύν
651 2404 821 2482 ἐνταυθοῖ,
855 2403 910 2463 καί
931 2399 1139 2482 ύπερτίθησιν
1158 2397 1267 2466 ιἐκοιτὲ-

117 2516 232 2581 ηθροις
255 2490 411 2580 ὲκύτερα,
445 2499 521 2582 ἡμῖν
547 2523 580 2566 τε
610 2502 667 2584 την
693 2504 786 2566 θείαν
812 2503 997 2587 ἐπικουρίαν
1027 2501 1181 2594 adstricto
1213 2502 1267 2585 τὴν

166 2596 296 2661 δικαιάν
318 2599 525 2675 ἐπεξίλευσιν.
568 2602 713 2665 παιδεύει
733 2604 760 2665 t’
776 2595 832 2666 οῦν
854 2596 940 2683 ὅμως
960 2601 1130 2688 συμφοράς
1153 2605 1267 2688 επιφί-
1277 2621 1296 2678 t.
1314 2619 1412 2682 itis..

164 2721 230 2779 ρων
250 2703 306 2761 νῦν
323 2701 382 2778 μὲν
403 2697 437 2777 εξ
403 2701 602 2786 εοῖλλὴλων
623 2701 772 2804 α’λλὴλοις
787 2700 1055 2786 οἷλλεπαλλὴλσνς,
1077 2703 1130 2769 ἵνα
1146 2707 1267 2785 μαλλον

164 2801 218 2881 τῆς
249 2792 374 2863 εσυτοῦν
406 2805 518 2878 κακίας
552 2805 754 2867 αισθοὶνοιντο
786 2806 841 2889 (ού
862 2800 922 2888 γὰρ
945 2802 1027 2868 κατοὶ
1057 2809 1112 2869 τοῦ
1140 2805 1266 2887 οἶγαθοῦ

166 3028 312 3080 constituta
346 3043 407 3081 esse
426 3030 586 3096 spectatrix,
613 3045 703 3099 neque
727 3030 851 3098 proiecto
878 3030 952 3084 illius
976 3031 1046 3098 apud
1069 3031 1152 3099 ipsam
1183 3030 1266 3084 iactas

169 3099 350 3152 clandestinas
370 3101 550 3153 indicationes
568 3110 597 3153 et
613 3103 806 3155 admonitiones
825 3103 913 3154 irritas
931 3101 1066 3169 repellere
1086 3102 1190 3154 valens.
1241 3111 1268 3154 et

166 3171 218 3222 hoc
239 3179 296 3223 erat
315 3173 385 3258 quod
404 3171 538 3224 eeclesiae
562 3181 589 3224 et
613 3174 764 3225 divinorum
792 3173 935 3242 aliquando
960 3175 1110 3242 dogmatum
1138 3175 1269 3240 repressit

165 3258 258 3294 reram
279 3245 497 3296 constitutionem
515 3261 574 3296 cum
592 3260 653 3296 meo
672 3245 754 3296 hac
746 3260 774 3296 m
798 3261 828 3296 re
851 3245 947 3297 studio.
984 3252 1048 3311 puto
1070 3245 1121 3296 deo
1141 3259 1267 3328 compro.
1361 3289 1365 3293 .

165 3313 249 3366 bante
268 3315 458 3399 perfectiorem
479 3318 557 3368 etiam
577 3317 672 3369 iactam
693 3333 759 3370 esse
772 3318 806 3368 de
824 3317 924 3383 pietate
949 3316 1106 3367 certantium
1129 3317 1266 3367 examina-

165 3388 278 3438 tionem.
314 3402 370 3440 non
389 3389 459 3438 enim
479 3403 570 3440 eorum
583 3389 628 3457 qui
647 3389 780 3454 incipiunt
799 3397 902 3440 certare
921 3396 982 3440 suut
1000 3401 1117 3438 coronae
1138 3394 1165 3438 et
1186 3402 1267 3454 prae-

165 3459 218 3508 mia
238 3458 286 3515 sed
305 3473 396 3510 eorum
418 3460 464 3527 qui
483 3476 569 3528 usque
587 3461 620 3512 ad
638 3461 715 3511 tinem
735 3461 839 3510 emetiri
854 3460 938 3526 parati
956 3467 1017 3510 sunt
1035 3467 1117 3509 totum
1138 3457 1266 3510 curriculi

165 3531 291 3597 spatium,
310 3545 395 3599 quare
413 3531 493 3598 etiam
507 3547 589 3598 saepe
609 3531 670 3582 aliis
689 3529 874 3582 laborantibus
892 3531 939 3582 alii
955 3530 1062 3582 iliorum
1082 3529 1189 3582 labores
1208 3531 1267 3582 sine

165 3600 260 3652 labore
280 3601 396 3654 subeunt
413 3604 501 3670 iisque
519 3604 643 3666 fruuntur
659 3619 739 3670 quum
758 3618 847 3670 neque
867 3600 908 3653 iiii
929 3610 1039 3668 propter
1058 3617 1150 3652 cursus
1170 3603 1267 3652 remis.

164 3673 270 3724 sionem
299 3689 315 3724 a
339 3682 507 3741 proponente
524 3675 678 3737 ¹certamina
704 3675 755 3725 deo
781 3682 866 3724 morte
891 3673 1078 3724 certaminibus
1109 3673 1268 3739 interposite

164 3745 329 3812 plectentur,
349 3754 376 3796 et
393 3746 558 3812 posteriores
577 3761 636 3796 cum
656 3745 790 3812 prioribus
813 3753 922 3828 propter
938 3745 1069 3796 rationum
1088 3744 1267 3812 aequabilita-

93 3827 99 3833 ·
162 3825 219 3868 tem
239 3818 414 3869 communiter
432 3825 532 3882 partem
552 3818 666 3884 quisque
684 3832 758 3867 suam
780 3817 957 3882 praemiorum
976 3817 1117 3882 accipiunt.
1158 3816 1267 3868 divino-

162 3907 223 3942 rum
250 3897 338 3940 antem
364 3888 522 3939 indiciorum
550 3896 668 3939 naturam
696 3887 876 3938 absconditam
901 3888 1066 3955 investigare
1096 3887 1190 3940 in-his
1216 3902 1266 3940 uos

162 3963 272 4032 quidem
289 3975 344 4012 non
363 3974 511 4026 possumus.

267 4057 424 4111 Coniecerit
441 4065 528 4107 autem
549 4056 662 4108 fortasse
680 4055 805 4122 aliquis
798 4056 886 4122 impiis
907 4055 948 4106 his
964 4057 1063 4108 uostris
1082 4058 1265 4122 persecutori.

162 4131 217 4183 bns
232 4129 265 4180 ari
280 4127 464 4196 poenitentiae
477 4129 701 4193 opportunitatem
719 4126 879 4178 offerendam
892 4143 1054 4179 communem
1066 4129 1180 4179 omnium
1191 4137 1266 4180 tuto..

163 4218 223 4254 rem
245 4202 325 4252 deum
342 4199 466 4251 manendi
487 4199 532 4249 hic
549 4208 651 4264 tempus
666 4197 795 4264 praebere
816 4207 842 4249 et
859 4199 997 4266 imponere
1011 4201 1131 4268 utrisque
1144 4208 1265 4268 utraque,

161 4273 246 4327 uobis
265 4272 385 4324 divinum
403 4268 532 4322 auxilinm
556 4278 582 4322 et
599 4269 660 4321 iilis
667 4271 762 4321 iustam
775 4283 899 4338 poenam.
922 4279 1001 4324 vocat
1019 4272 1101 4338 igitur
1119 4271 1152 4321 ad
1168 4272 1266 4322 melio.

162 4360 222 4400 rem
240 4344 356 4417 frugem,
374 4343 540 4399 calamitates
557 4342 698 4398 inferendo
727 4358 800 4399 nuuc
821 4343 927 4415 quidem
955 4351 1017 4414 post
1035 4341 1103 4396 alios
1121 4341 1182 4398 eliis
1200 4355 1265 4412 per·
1294 4388 1295 4394 ,
