3184 5100
243 246 266 271 a!

285 410 510 481 meroama
537 346 798 484 emanarusa
821 412 916 486 xxx,
933 402 1124 489 tio-tit.
1175 387 1271 490 ’σοι

165 569 275 657 φοράν
293 566 373 656 πρδς
393 570 512 659 {cosia
535 576 773 657 στασιάζουσαν
794 577 935 665 ἔχοησα,
958 575 1034 665 πρὸς
1057 580 1111 646 τάν
1132 582 1268 648 α’ντίπα-

152 678 222 736 .λον
253 678 312 757 τῆς
343 674 457 751 άδείας
480 676 667 760 α’νιροόπτως
687 681 890 763 μεταβαίνειν
917 680 1055 765 κρημνδν
1085 678 1267 766 άναγκάζει,

165 776 222 839 καί
244 772 363 839 καπνὸν
386 776 558 861 φεύγοντος
587 780 752 859 ἐμπίπτειν
775 783 820 856 εἰς
843 784 920 863 πάρ,
941 780 976 845 τά
1000 784 1055 867 τῆς
1078 784 1266 865 παροιμιας.

165 873 278 940 ἔπειτα
299 878 365 951 nuic
386 876 423 940 τά
448 871 596 943 άκτιστον
618 884 673 943 καί
695 880 794 944 πόθεν
816 879 836 964 ἦ
856 884 999 965 ἐνέργεια
1026 881 1124 966 ,ἔσχεν
1136 910 1148 963 ,·
1168 880 1266 962 ἔξεστι
1279 904 1334 957 n

139 976 226 1061 5on
252 976 405 1061 ἡμῖνκαὶ
438 974 473 1041 τά
504 973 652 1045 άκτιστον
680 979 757 1045 αὐτὰ
787 979 869 1061 πρὸς
896 978 990 1047 ἑαυτά
1020 984 1101 1048 κατά
1127 981 1184 1067 την
1206 984 1268 1067 σην

164 1075 322 1157 ἐξετάζειν
344 1081 451 1144 θέσιν·
495 1081 525 1144 εἰ
545 1080 604 1163 γάρ
634 1080 770 1163 αάτάθεν
792 1080 843 1165 εἴη
872 1081 907 1146 τὸ
939 1077 1085 1149 οἴκτιστον
1114 1078 1268 1166 άκτιστον,

164 1180 222 1241 οοίι
242 1174 283 1242 δν
305 1177 354 1263 εἴη
377 1172 542 1245 άκτιστον·
589 1178 715 1246 κτιστόν
737 1173 801 1264 ἆρα
824 1180 858 1245 τά
884 1174 1049 1265 άκτιστον,
1082 1189 1137 1254 καί
1158 1184 1267 1269 κτιστη

164 1276 283 1363 δεότης
305 1278 338 1359 ἐξ
360 1278 496 1365 ἀνάγκης
532 1274 716 1365 ἧάκτιστος
751 1284 913 1364 ἐνέργεια·
966 1282 1021 1347 καί
1050 1278 1135 1349 οὕτω
1155 1309 1207 1349 σοι
1229 1283 1265 1349 τὸ

162 1378 401 1465 supinitatem
418 1380 649 1467 ἀναπέφανται.
673 1384 704 1446 εί
719 1384 746 1446 δ’
761 1380 880 1462 ἔξωθεν
891 1380 957 1466 ἔχει
977 1381 1268 1452 altercatoriam

121 1504 153 1559 10
162 1478 198 1543 τά
222 1472 386 1561 άκτιστον,
408 1486 464 1547 καί
485 1480 641 1569 διάφορον
656 1482 795 1559 πάντως·
817 1488 848 1549 εἰ
869 1482 930 1568 γάρ
954 1486 1012 1547 οάκ
1031 1484 1100 1550 ἔστι
1122 1486 1266 1571 διαφορά

163 1580 244 1666 πρὸς
266 1574 413 1647 άκτιστον
437 1585 596 1666 darcheca,
629 1585 687 1648 οάκ
710 1580 749 1647 άν
770 1582 819 1669 εἴη
840 1582 926 1668 ἔχειν
947 1584 1026 1650 κατὰ
1049 1588 1085 1650 σὲ
1104 1579 1264 1651 άκτιστον.

162 1678 278 1764 ἦγοάν
311 1682 508 1765 α’νάπαρκτάν
538 1707 589 1749 σοι
611 1689 730 1767 γίνεται
760 1683 794 1751 τά
826 1680 1114 1765 άκτιστονντοάτο,
1134 1679 1155 1769 ἢ
1178 1689 1267 1751 δοοίν

162 1779 308 1867 θάτερον,
329 1778 625 1875 ἢ4άκτιστάκτιστον
653 1779 675 1868 ἢ
697 1784 968 1851 άκτιστοάκτιστον
990 1786 1044 1849 καί
1064 1784 1143 1869 πρὸς
1166 1782 1263 1852 ἓαντά

162 1885 333 1963 στασιάζον
352 1884 473 1968 α’νάγκη
494 1887 653 1968 λέγεσθαι.
695 1884 852 1969 γνώριμον
871 1888 944 1969 γάρ,
965 1878 1012 1959 οἷς
1038 1889 1095 1950 καί
1116 1883 1264 1951 ὁπωσοῦν

121 2008 153 2060 15
163 1988 288 2069 λογικῆς
311 1989 457 2065 με’τεστιν
478 1986 660 2071 ἐπιστήμης,
682 1991 745 2051 τιδν
766 1986 944 2068 ὁμωνύμων
972 1982 1124 2051 εἶναικαὶ
1148 1981 1263 2069 ἥκιστα

163 2080 264 2170 άπλῆν
285 2086 342 2169 τήν
362 2087 417 2151 τοῦ
447 2085 533 2169 ἔχειν
556 2087 687 2171 φωνήν,
711 2090 766 2151 καί
784 2085 829 2170 μή
858 2085 957 2168 μόνον
978 2090 1019 2174 τῇ
1039 2088 1102 2151 τάν
1121 2085 1184 2165 ἔξω
1205 2110 1263 2151 σο-

162 2187 232 2270 φῶν
256 2184 412 2277 ἐπιστήμη
436 2190 547 2273 δοκεῖν,
566 2182 616 2251 δτι
634 2187 678 2272 μὴ
702 2190 756 2253 καί
771 2189 869 2252 πᾶσιν
891 2187 976 2265 ὁμοῦ
989 2195 1053 2259 τοῖς
1078 2190 1141 2252 τῶν
1161 2186 1260 2251 θείων

159 2290 214 2370 τῆς
246 2289 411 2374 ἐκκλησίας
446 2288 612 2373 δογμάτων
642 2297 754 2373 σοφοῖς
784 2285 997 2364 διδασκάλοις.
1051 2280 1095 2353 ὧν
1119 2280 1166 2362 εἷς
1187 2288 1261 2371 ἡμῖν
1270 2306 1289 2361 s.
1298 2304 1384 2365 1435.

159 2391 206 2463 εἰς
226 2389 436 2453 διδασκαλίαν
460 2388 636 2473 άποχρησει
656 2386 793 2474 τήμερον
813 2388 958 2473 Ἰωάννης
981 2388 997 2452 ὅ
1020 2393 1108 2463 θεῖος
1131 2392 1165 2453 ἐκ
1184 2394 1257 2455 Δοι-

115 2494 306 2576 ρημασκοά,
336 2485 371 2566 ὃς
396 2492 517 2576 σ’κταχῇ
538 2488 593 2574 την
620 2496 677 2556 τοῦ
702 2489 788 2575 ἔχειν
818 2491 894 2578 ἡμῖν
917 2494 1052 2576 διαιροάν
1082 2490 1256 2575 σημασίαν,
1293 2575 1295 2580 A

157 2593 227 2655 κατ’
250 2592 366 2657 ον’δίνα
388 2596 423 2676 γε’
443 2618 514 2657 τινα
531 2595 652 2658 τούτων
675 2575 791 2677 τρόπον
820 2599 857 2681 τῇ
880 2595 953 2682 δείηι
974 2592 1029 2656 καί
1051 2592 1257 2680 ἁπλουστάτη

158 2694 260 2783 ἑγείνη
284 2691 381 2780 φάσει
401 2696 436 2758 τὸ
461 2690 546 2776 ἔχειν
579 2691 687 2772 διδοάς
711 2693 905 2780 εὑρίσκεται.
955 2701 1023 2770 πῶς
1044 2692 1103 2778 γάρ
1127 2692 1326 2766 σῖοσοῦνει

158 2990 222 3044 beat
241 2989 417 3044 ‹liiierentiam
435 3005 525 3047 secum
544 2999 704 3062 pugnantem
715 2991 748 3045 ad
766 2991 927 3045 contrarium
943 2991 1097 3060 negationis
1116 2991 1195 3044 unius
1213 2991 1258 3043 dei

161 3079 195 3114 ex
213 3063 351 3131 inopinato
370 3064 484 3116 transire
505 3060 656 3133 barathrum
676 3065 765 3132 cogit:
787 3071 814 3115 et
831 3071 861 3115 ut
882 3079 940 3114 cum
960 3063 1059 3114 fumum
1079 3063 1211 3132 fugiamus
1229 3063 1257 3115 in

159 3135 250 3202 iguem
269 3135 412 3188 secundum
438 3135 608 3203 proverbium
627 3136 782 3188 incidamus.
808 3135 904 3187 slcinsle
923 3136 1055 3203 quomodo
1070 3136 1176 3185 etunda
1195 3135 1257 3185 eiil.

161 3207 261 3258 cientia
280 3209 385 3273 accepit
401 3209 564 3271 increatum,
584 3207 649 3259 licet
669 3208 738 3258 enim
756 3206 835 3258 nobis
855 3208 933 3259 etiam
960 3207 987 3257 in
1004 3207 1090 3272 ipsum
1109 3206 1257 3256 increatum

160 3293 210 3345 per
230 3279 422 3331 sesecundum
447 3287 517 3330 tuam
535 3280 672 3347 inquirere
696 3279 804 3332 thesin:
832 3279 930 3329 etenim
949 3278 971 3328 si
999 3293 1032 3327 ex
1061 3292 1090 3327 se
1109 3277 1257 3327 increatum

162 3357 235 3400 esset
253 3352 410 3416 increatum,
429 3365 483 3403 non
504 3359 576 3403 esset
594 3351 752 3415 increatum,
771 3352 918 3401 increatum
936 3349 1020 3417 igitur
1039 3355 1081 3399 est
1093 3354 1209 3398 creatum
1230 3353 1258 3397 et

161 3419 307 3474 efficientia
325 3423 444 3474 increata
470 3423 625 3474 necessario
651 3431 691 3474 est
715 3423 842 3474 divinitas
867 3429 971 3472 creatas
991 3428 1018 3471 ct
1043 3419 1095 3470 hoc
1113 3418 1191 3469 modo
1211 3432 1257 3468 sa.

154 3491 262 3558 pientia
280 3503 324 3546 tua
344 3495 403 3546 visa
423 3503 463 3547 est
481 3494 609 3559 stultitia3
637 3495 785 3547 sinautem
813 3493 980 3545 extrinsecas
998 3493 1144 3542 increatum
1166 3488 1256 3552 habet,

160 3573 190 3614 ut
208 3565 243 3616 sit
260 3567 425 3631 increatum,
452 3567 529 3618 ctiam
550 3567 685 3620 diversum
713 3575 754 3620 est
772 3566 890 3618 omnino.
934 3564 1032 3615 etenim
1050 3564 1073 3614 si
1091 3559 1195 3612 nullum
1216 3566 1258 3610 est

160 3635 304 3688 discrimen
325 3639 396 3689 inter
414 3639 560 3690 increatam
580 3645 607 3689 et
624 3639 781 3704 increatum,
803 3652 857 3689 non
875 3643 965 3703 potest
994 3642 1023 3685 ut
1039 3642 1068 3685 tu
1088 3635 1129 3685 vis
1146 3633 1257 3683 incrca.
1291 3688 1296 3698 „

158 3713 215 3756 tum
236 3707 336 3760 habere
352 3709 518 3774 increatum,
540 3718 613 3761 certe
632 3718 677 3761 aut
696 3711 843 3762 substantia
862 3722 956 3760 carens
974 3705 1024 3758 tibi
1039 3705 1129 3757 evadit
1147 3704 1257 3754 increa-

158 3785 214 3828 tum
236 3779 288 3832 hoc
312 3787 357 3832 aut
384 3780 557 3846 alterutrum,
576 3789 622 3833 aut
639 3782 888 3844 increatocreatum‚
913 3786 959 3830 aut
977 3778 1255 3838 increatoincreatum,

160 3855 188 3899 et
206 3865 296 3904 secum
316 3867 436 3921 pugnans
454 3868 569 3906 necesse
589 3861 628 3904 est
641 3854 741 3904 vocari.
777 3860 868 3904 notum
892 3858 933 3901 est
952 3851 1021 3900 enim
1035 3850 1078 3912 iis,
1099 3849 1145 3916 qui
1168 3861 1256 3914 quan.

157 3921 350 3994 tulumcunque
371 3923 478 3992 logicae
497 3932 559 3976 sunt
585 3925 671 3992 gnari,
692 3925 836 3976 eorundem
856 3923 992 3972 nominum
1020 3935 1081 3971 csse
1102 3926 1131 3969 et
1147 3919 1256 3969 minime

157 3993 307 4060 simplicem
329 3994 443 4047 habendi
462 4011 575 4060 vocem,
603 4003 630 4046 ct
651 3996 703 4046 troc
721 3995 775 4046 non
793 3994 872 4045 modo
900 3994 1049 4060 sapientum
1071 3991 1117 4059 qui
1137 4006 1171 4041 ex
1189 4005 1256 4057 pro.
1283 4038 1286 4041 .

160 4066 230 4117 lanis
249 4074 311 4118 sunt
334 4068 464 4119 scientiae
491 4066 617 4134 placere,
642 4067 689 4118 sed
710 4065 794 4118 multo
821 4066 906 4134 magis
930 4065 1008 4115 etiam
1037 4061 1158 4114 omnibus
1177 4060 1257 4113 simul

157 4137 311 4190 divinorum
338 4138 472 4190 ecclesiae
502 4140 651 4207 dogmatum
683 4137 903 4204 praeceptoribus
932 4134 1112 4202 sapientibus,
1144 4147 1255 4203 quoram

155 4224 226 4261 uuus
245 4209 324 4263 nobis
343 4209 375 4261 ad
394 4210 588 4262 institutionem
608 4209 726 4262 sufficiet
744 4209 825 4261 hodie
849 4208 963 4259 loannes
982 4207 1090 4258 divinus
1109 4206 1255 4257 Damasce-

154 4296 218 4348 nns,
238 4283 283 4352 qui
303 4295 362 4334 cnm
383 4283 468 4334 octies
489 4282 603 4334 habendi
622 4281 700 4333 uobis
727 4280 830 4334 dividat
847 4279 1087 4346 significationem,
1106 4275 1183 4328 nullo
1204 4277 1255 4326 ho.

154 4367 215 4407 rum
232 4354 311 4406 modo
331 4353 440 4407 divinae
466 4359 493 4405 et
514 4353 729 4422 simplicissimae
754 4351 921 4404 illinaturae
946 4365 1042 4404 rocem
1061 4347 1175 4400 habendi
1202 4346 1256 4397 tri.

215 4449 382 4530 Νίτεγλονιιι
403 4451 515 4520 fingor.
542 4447 595 4501 Vol.
613 4448 668 4504 m.
1043 4445 1079 4498 20
