3184 5100
312 401 535 470 ursromun
565 395 825 466 nuzturmln
843 401 939 468 xxv.
969 383 1037 467 ot.
1059 383 1128 468 to.
1212 395 1261 468 6⁷
1294 481 1299 511 Ι

156 567 251 651 σφων
280 562 544 650 παρεισπεσόντες
565 559 657 650 ἔνιοι,
677 567 803 646 μακράς
832 563 965 646 ἐρημίας
986 563 1262 649 ἐπιχωριαζούσης

157 663 239 731 κατά
263 663 318 730 τύν
340 659 424 730 οἶκον
444 662 499 729 τάν
520 663 598 744 σύν,
628 661 680 728 διά
699 663 821 749 βρόχου
852 659 989 729 θάνατον
1016 667 1188 750 ἐπενεγκεῖν
1209 688 1262 730 σοι

157 767 234 846 πρίν
254 769 318 830 ταῖν
349 765 497 830 ἁπάντων
517 762 695 830 αἶὀθεσθαί
713 761 792 828 τινά.
846 757 864 826 δ
885 765 941 828 καί
963 769 1098 830 Παύλου
1120 760 1176 829 τάν
1196 789 1261 852 auf·

158 864 319 951 τριάρχην
341 862 440 932 πάλαι
474 864 557 952 φασί
585 869 776 932 πεπονθέναι
808 864 887 952 πρύς
917 867 978 930 τάν
1012 865 1261 946 ύμοίωναύτοϊς

131 963 363 1054 5κακοδύξων,
385 969 440 1030 καί
471 970 597 1050 πλείους
620 959 735 1042 ἄλλους
764 965 824 1048 πρό
846 990 880 1049 γε
903 963 1063 1050 δήπουθεν
1084 967 1187 1030 αύτού
1208 965 1263 1031 καί

156 1072 225 1151 μετ’
245 1070 356 1134 αύτύν.
409 1063 489 1132 εἶναι
522 1068 583 1152 γάρ
610 1093 691 1154 φασι
723 1071 812 1132 τουτί
842 1068 1019 1150 βιαιότερον
1048 1067 1102 1132 καί
1130 1068 1259 1155 σφόδρα

157 1169 271 1252 τάχιον
294 1173 350 1253 τής
374 1173 438 1248 ιτού
472 1171 601 1234 κωνείου
635 1170 777 1248 κύλικος,
805 1161 844 1232 οδ
867 1169 1038 1254 Σωκράτην
1061 1166 1159 1233 πάλαι
1178 1179 1262 1250 πιεῖγ

152 1271 336 1356 Ἀθηναίων
356 1267 654 1355 καταψηφισάμενοι
675 1272 795 1350 παῖδες,
819 1268 967 1350 ὁρώντων
987 1272 1050 1333 τῶν
1071 1271 1192 1355 palor,
1205 1272 1262 1354 τῆς

157 1368 324 1455 παρούσης
347 1369 531 1454 α’πήλλαξαν
565 1373 656 1454 ζωής.
710 1376 765 1434 καί
795 1374 880 1436 τοῦτ’
910 1365 991 1434 εἶναι
1018 1369 1198 1456 φάσκουσιν
1229 1368 1262 1435 οἲ

116 1476 288 1546 ιθπλείους
316 1467 334 1533 δ
371 1468 428 1554 τήν
459 1471 614 1556 τοσαύτην
637 1473 772 1556 ἐρημίαν
805 1471 930 1555 ἐπάγειν
952 1495 1002 1536 σοι
1025 1474 1112 1558 σφοῖς
1134 1495 1258 1558 προση-

156 1576 321 1657 νάγκασεν,
343 1572 395 1636 ἵνα
419 1574 541 1652 δράσιν
557 1571 660 1647 άδειύς
686 1567 706 1635 ά
728 1575 809 1656 δράν
830 1575 989 1669 τοιούτοις
1011 1576 1064 1636 δεῖ
1080 1581 1259 1659 φονενταίς.

157 1682 241 1761 φέρε
260 1677 388 1754 τοίνυν,
413 1671 447 1737 εἴ
462 1676 494 1738 τί
516 1695 566 1738 σοι
588 1671 668 1758 πρὸς
687 1675 870 1756 βουλήσεως
894 1672 943 1757 εἴη
964 1676 1025 1738 τεάν
1044 1677 1147 1759 φίλων
1169 1677 1330 1749 ι’νίσιςίῡ

157 1777 291 1858 ἐνιαχοῦ
311 1771 442 1860 μηνύειν
463 1773 662 1860 α’πύρρητυν,
688 1775 759 1856 ἐμοί
781 1775 989 1859 προσανάθου
1016 1774 1091 1859 πρίν
1106 1782 1172 1850 τοῖς
1193 1778 1261 1840 τοῖα

155 1876 309 1943 τοιούτων
331 1873 482 1941 θανάτων
505 1875 626 1940 ἁλῶναι
650 1878 804 1950 δικτύοις·
860 1875 920 1958 ἑγιύ
951 1876 1012 1959 γάρ
1033 1902 1082 1941 σοι
1106 1876 1162 1942 καί
1183 1882 1260 1942 Πο-
1356 1951 1366 1962 ⁰

114 1993 146 2046 15
156 1977 255 2060 λάδης
279 1975 392 2060 ἔσομαι
414 1975 540 2062 πιστός,
574 1977 634 2060 ἐγώ
656 1981 722 2064 καίι
733 1979 838 2067 φύλαξ
862 1968 904 2042 ὧν
929 1970 1110 2041 άνίκπαστα
1133 1976 1270 2063 φυλάτ-’

154 2103 219 2144 τειν
240 2079 318 2162 χρή.
371 2080 460 2142 δυοῖν
491 2080 551 2162 γάρ
581 2075 669 2143 ἔσται
692 2101 747 2159 μοι
767 2077 919 2162 θάτερον·
977 2071 998 2159 ή
1017 2077 1079 2162 γάρ
1103 2078 1156 2143 σοί
1173 2076 1258 2161 κάγύ

155 2177 427 2263 συντεθνήξομαι,
455 2183 479 2220 ”
504 2179 559 2245 καί
586 2179 689 2264 τάφος
715 2176 820 2243 ἔσεται
848 2179 947 2254 κοινὸς
970 2177 1091 2264 άμφοῖν
1111 2175 1127 2244 ὃ
1148 2169 1411 2263 napdvttttr(

155 2276 239 2356 οἶκος
262 2279 346 2363 ήμΐν,
369 2277 391 2364 ή
412 2280 493 2345 κατά
514 2280 549 2346 τύ
568 2279 703 2364 λεληθὸς
719 2275 1036 2363 προαναστειλάντων
1048 2305 1091 2362 με
1112 2284 1175 2346 τάν
1197 2303 1261 2367 φο-

155 2384 277 2446 νευταῖν
314 2386 369 2446 καί
388 2371 529 2468 Ιφυγάδα
561 2386 781 2468 ποιησαμένων
809 2407 869 2467 με,
898 2385 1002 2448 πᾶσαν
1035 2377 1075 2446 δν
1100 2385 1260 2465 διίλθοιμι

115 2487 214 2567 λθγήν
236 2482 347 2548 τεκαὶ
378 2484 568 2566 θάλασσαν,
602 2484 679 2575 ἡλίιρ
704 2483 759 2548 καί
779 2483 936 2569 α’στράσιν
968 2484 1172 2567 ἀπαγγέλλων
1199 2485 1259 2568 τήν

156 2589 286 2650 α’δικίαν
309 2587 453 2669 ταυτηνί,
477 2590 532 2650 καί
551 2587 609 2671 τήν
631 2588 1032 2673 α’γνιύμοναμαστίζωνιή
1051 2582 1174 2675 γλύττη
1197 2589 1261 2651 τούν

156 2688 222 2751 στάν
244 2689 410 2771 φονευτάν
434 2689 561 2768 δεξιάν,
593 2692 649 2753 καί
679 2690 858 2775 τραγῳδίαν
890 2688 1062 2770 θεατρικήν
1084 2686 1122 2752 τά
1142 2713 1177 2753 τε
1205 2690 1260 2771 τῆς

155 2789 322 2872 ἐκκλησίας
345 2787 399 2852 καί
419 2787 458 2853 τά
481 2788 522 2854 σά
543 2790 692 2875 πανταχῇ
711 2792 873 2871 τιθέμενος
893 2788 1083 2874 διηγήματα.

155 3048 255 3117 laqueo
275 3047 324 3099 tibi
341 3049 436 3100 ne’cem
454 3050 589 3115 inierant,
617 3051 723 3102 nemine
743 3052 894 3115 sentiente,
921 3052 948 3105 id
967 3052 1037 3120 quod
1062 3053 1141 3104 etiam
1159 3050 1257 3110 Paulus

154 3120 308 3187 patriarcba
327 3120 360 3171 ab
378 3120 528 3173 bominibus
540 3123 597 3189 pari
610 3124 730 3193 nequitia
749 3123 876 3191 praeditis
889 3122 952 3174 olim
971 3140 1115 3190 perpessus
1135 3141 1195 3177 esse
1213 3127 1257 3180 di.

155 3194 226 3242 citur
244 3191 376 3259 multique
395 3192 442 3243 alii
464 3202 490 3245 et
509 3202 570 3259 amo
591 3210 649 3245 eum
669 3202 696 3246 ct
721 3204 782 3261 post
807 3210 874 3245 eum.
926 3194 977 3245 boo
1003 3197 1073 3246 enim
1091 3196 1174 3247 multo
1194 3199 1257 3249 vio.

154 3263 256 3315 lentius
275 3272 355 3331 atque
378 3264 514 3317 efficacius
541 3282 600 3318 esse
620 3267 726 3331 dieunt,
749 3282 827 3334 quam
853 3267 956 3317 cicutae
985 3265 1130 3332 poculum,
1155 3269 1187 3319 ad
1207 3285 1257 3319 cu.

154 3336 196 3385 ius
216 3334 392 3387 sorbitionem
412 3336 445 3387 ab
461 3337 671 3389 Atheniensibus
691 3338 822 3405 quondam
833 3337 958 3389 Socrates
977 3338 1114 3389 damnatus
1124 3354 1256 3405 praesen.

152 3408 225 3457 tibus
243 3407 335 3459 amicis
360 3408 569 3461 vita0discessit.
609 3410 675 3461 banc
703 3426 807 3461 causam
836 3424 895 3461 esse
918 3408 1026 3476 plurimi
1055 3410 1163 3474 dicunt,
1187 3426 1256 3479 quoe

153 3479 220 3529 istos
241 3479 390 3545 appulerit,
417 3484 490 3530 ut'te
514 3481 542 3530 in
561 3488 633 3531 tanta
653 3480 800 3532 solitudine
819 3480 1005 3545 collocarent,
1024 3482 1147 3532 nimimm
1164 3491 1194 3534 ut
1208 3498 1255 3535 se.

153 3566 218 3601 cure
238 3558 439 3616 perpetrarent,
465 3551 536 3619 quod
554 3552 622 3603 tales
648 3553 835 3603 interfectores
860 3556 1015 3619 perpetrare
1043 3552 1150 3603 debent.
1187 3569 1254 3622 age.

153 3623 214 3673 dum
240 3622 342 3689 igitur,
368 3623 391 3673 si
415 3622 463 3673 tibi
489 3622 593 3674 volenti
616 3632 656 3675 est
676 3623 803 3674 normulis
824 3640 857 3673 ex
874 3626 927 3674 tuis
946 3624 1038 3676 amicis
1057 3624 1188 3675 interdum
1208 3641 1255 3678 se.

153 3701 256 3744 cretum
276 3693 405 3761 quoddam
424 3694 563 3758 revelare,
590 3694 654 3745 mibi
673 3696 700 3746 id
719 3696 832 3759 credas,
859 3696 1011 3763 priusquam
1033 3695 1163 3749 eiusmodi
1181 3712 1255 3749 mor.

152 3766 218 3815 tium
239 3764 344 3833 laqueis
363 3766 501 3817 irretiaris.
541 3780 592 3835 ego
617 3767 685 3818 enim
704 3766 752 3818 tibi
774 3766 861 3817 fidelis
883 3764 996 3831 Pylades
1016 3782 1073 3831 ero,
1094 3782 1145 3836 ego
1165 3777 1255 3821 custos

154 3850 264 3899 eorum,
287 3851 357 3904 quae
375 3836 491 3889 ddeliter
510 3838 613 3889 servari
632 3854 720 3907 neque
741 3833 882 3889 enunciari
900 3838 1007 3889 debent.
1052 3839 1166 3890 alterum
1184 3843 1255 3893 enim

153 3922 189 3957 ex
207 3906 311 3959 duobus
330 3906 396 3958 mibi
415 3924 464 3960 usu
484 3911 591 3961 veniet:
611 3918 655 3961 aut
663 3918 750 3961 tecum
771 3910 928 3960 commorior
947 3909 1060 3961 ethaeo
1079 3912 1170 3963 domus
1179 3928 1255 3964 corn·

152 3994 233 4029 mune
250 3978 329 4029 uobis
349 3980 400 4029 erit
417 3978 581 4047 sepulcrum,
602 3988 655 4043 aut,
676 3980 894 4033 interlectoribus
913 3996 955 4031 me
974 3981 1064 4032 furtim
1082 3985 1255 4049 reprimenti.

153 4050 202 4101 bus
225 4059 252 4101 et
271 4050 447 4119 fugantibus,
474 4067 576 4103 omnem
596 4060 692 4103 terram
713 4062 791 4119 atque
811 4068 883 4103 mare
903 4068 1051 4121 pervagans
1071 4052 1122 4107 soli
1151 4055 1256 4108 stellis.

153 4137 205 4189 que
226 4121 296 4175 bane
315 4122 439 4173 iniuriam
459 4124 634 4191 pronuntiabo
656 4132 682 4173 ot
702 4126 821 4175 insanam
845 4131 949 4175 tuorum
969 4126 1125 4177 sicariorum
1144 4126 1255 4178 riolen.

151 4194 215 4243 tiam
235 4208 305 4245 voce
326 4192 470 4261 llagellabo
492 4190 572 4264 atque
593 4194 950 4265 ubiquequasitragoediam
971 4199 998 4248 in
1017 4213 1098 4250 scena
1117 4197 1254 4252 ecclcsiae

153 4265 286 4331 fortunam
306 4272 432 4339 tuamque
451 4258 550 4321 sor'tem
569 4265 709 4319 enarrabo.
