3184 5100
354 406 428 489 nlo
656 412 880 487 uremur
909 412 1138 483 menate

238 612 243 619 ’
337 578 417 649 ’τόν
439 584 529 647 deuio
548 578 708 663 βασιλέοιν
732 576 896 661 εὐμένειαν
918 575 1049 661 δεήσεσί
1065 599 1100 641 τε
1128 576 1185 640 καί
1205 574 1344 660 δάκρυσι
1366 574 1465 639 πλεί-

354 707 442 759 στοις
464 684 513 747 e'sr'
539 679 661 767 ἀμφοῖν
684 684 752 743 τοῖν
781 685 908 765 καιροῖν
936 678 1118 763 ἐπορίζετο,
1146 673 1204 760 τὴν
1226 675 1261 739 di
1282 677 1346 739 aeis
1370 672 1467 758 ἀμφὶ

353 782 426 859 τούς
445 782 600 865 βασιλέας
623 779 814 865 ἐπικουρίαν
833 777 992 854 θωπείαις
1020 778 1165 855 ἐξωνεῖτο
1194 776 1250 841 καί
1274 774 1466 842 ἀντιδόσεσι

356 883 577 967 πολυτρόποις,
599 879 643 959 oie
665 875 823 947 adenstad
844 882 958 943 λοιπού
976 877 1058 965 πρός
1077 875 1327 961 τάςβασιλικάς
1349 877 1463 941 καθά-

356 991 420 1062 παξ
440 984 610 1068 βουλήσεις
632 982 727 1048 αύτόν
750 980 787 1046 ού
810 981 894 1046 πάνυ
911 979 1049 1066 σκληρόν
1069 978 1125 1045 καί
1146 978 1282 1064 θρασύν,
1304 977 1375 1042 οὔδ’
1401 976 1488 1041 eir-b

357 1086 487 1151 τίτοπον
509 1081 553 1160 ιύς
572 1081 607 1149 τό
629 1084 783 1169 πρότερον
806 1078 921 1167 άλογόν
939 1080 1045 1145 τεκαὶ
1066 1080 1321 1167 ἀπροφάσιστον.

292 1195 346 1247 8⁸
453 1183 531 1269 Ἐγώ
553 1185 589 1249 δέ
611 1185 716 1271 μυρίοι
729 1183 786 1248 καὶ
804 1185 907 1266 μείζω
925 1184 990 1247 τῶν
1002 1180 1179 1268 εἰρημένων
1188 1181 1339 1259 διεξιέναι
1363 1178 1461 1263 ἔχων,

360 1284 381 1351 ἀ
402 1290 458 1372 τῆς
478 1288 573 1371 σφῶν
596 1285 728 1362 ἀτοπίας
748 1283 879 1369 ἔλεγχον
900 1282 969 1364 ἔχει
987 1285 1088 1369 σαφῆ,
1109 1276 1189 1350 {seir
1206 1282 1350 1368 παρίημι
1368 1283 1462 1345 δυοῖν

357 1394 467 1465 ἕνεκα,
490 1382 559 1463 ἑνός
581 1388 640 1469 μὲν
658 1383 706 1451 ὅτι
723 1393 793 1461 ταῖς
814 1384 974 1460 τοιαύταις
1004 1384 1214 1469 ἐνδιατρίβειν
1235 1389 1362 1468 κηλῖσιν
1388 1384 1461 1447 ἐδτι

359 1488 440 1575 σμδν
460 1491 501 1575 τῇ
522 1486 640 1574 νλιύττῃ
664 1487 892 1573 προστρίβεται
904 1485 1006 1570 ἥκιστ’
1031 1484 1184 1570 ἀνδράσιν
1202 1485 1356 1551 ἐπιεικέσι
1378 1494 1500 1571 rapo-10

359 1593 504 1676 σήκοντα,
526 1583 635 1675 ἑτέρου
660 1592 688 1653 δ’
709 1585 776 1666 ἐτι,
801 1584 823 1649 ἀ
851 1593 917 1662 τοῖς
938 1592 1067 1662 πολλοῖς
1096 1588 1130 1651 ἐκ
1152 1588 1270 1651 πολλοῦ
1290 1584 1461 1671 πρόκειται

360 1692 515 1779 γνώριμα,
537 1688 655 1755 τούτων
674 1690 850 1774 πειρᾶσθαι
874 1684 931 1770 τήν
950 1688 1067 1772 γνῶσιν
1094 1693 1161 1762 τοῖς
1181 1686 1284 1751 εἰδόσι
1304 1682 1462 1770 παρέχειν

363 1793 480 1878 ἀρτίως
502 1788 592 1877 παρά
612 1793 760 1855 τοσοῦτον
780 1789 838 1853 τού
857 1787 986 1872 τέρπειν
1007 1786 1184 1873 ἀφίσταται
1204 1794 1281 1874 παρ’
1305 1784 1383 1852 ὅσον
1404 1786 1462 1849 καί

360 1892 396 1961 τό
421 1892 628 1959 πιστεύεσθαι
649 1890 822 1977 πρόχειρον
844 1890 923 1971 ἔχει.
965 1887 1070 1974 ἀγύρ
1088 1888 1236 1975 παρόντα
1261 1896 1382 1973 προῖκα
1405 1887 1463 1950 καί

361 1994 467 2060 πόνων
495 1994 572 2075 δίχα
600 1990 656 2077 τὴν
689 1995 805 2076 γνῶσιν
835 1993 1029 2075 παρέχεται,
1050 1990 1171 2066 τούτοις
1192 1989 1397 2069 ἐπιπολάζειν
1418 1985 1503 2063 uicti

360 2094 400 2160 τύι
433 2092 534 2158 πολλοὶ
558 2092 735 2178 παρέπεται
765 2095 821 2158 καί
846 2092 981 2176 τάηδές,
1017 2089 1050 2155 εἴ
1065 2116 1113 2168 τις
1142 2090 1275 2155 κατόπιν
1297 2090 1463 2153 διδάσκειν

264 2244 267 2259 r
297 2203 352 2255 8⁴
364 2178 511 2283 πειριβτο.
537 2193 557 2258 ἀ
580 2198 609 2260 δ’
633 2194 719 2277 ὅμως
733 2195 961 2278 βωμολοχοῦσι
973 2193 1029 2257 καί
1048 2190 1131 2257 κατὰ
1148 2195 1211 2256 τῶν
1232 2192 1319 2275 ἐμονν
1338 2192 1463 2272 βιβλοιν

363 2295 595 2384 ἀφαιρούμενοι
615 2294 731 2384 λάθρᾳ,
753 2296 800 2371 τίς
824 2290 863 2359 ἀν
885 2293 941 2358 καί
963 2291 1045 2358 adsi
1067 2292 1216 2371 διεξιέναι
1240 2296 1317 2356 καθ’
1340 2291 1463 2355 ἕκαστα

367 2399 509 2477 δύναινο;
529 2398 585 2461 καί
608 2400 707 2463 ταῦτα
730 2400 851 2482 δρῶσιν
881 2394 986 2471 αὐτοῖς
1007 2394 1063 2458 καί
1090 2391 1146 2481 ὑφ’
1177 2392 1269 2477 ἡμῶν
1290 2390 1463 2477 ἐλεγχομέ-
1523 2470 1525 2511 ρ

365 2488 431 2575 νοίς
455 2497 506 2563 ἀεί
528 2497 626 2574 oldaia
645 2522 693 2574 τις
715 2497 770 2562 ούκ
791 2496 933 2575 ἔπεισιν,
964 2496 1031 2560 ἀλλ’
1064 2493 1157 2582 ύβρις
1185 2493 1280 2583 ύβριν
1300 2494 1387 2560 ἔτεκε
1408 2492 1501 2565 anino
1524 2512 1525 2524 ¹

277 2603 284 2610 ’
367 2599 498 2681 ἀσέβεια
516 2599 746 2685 χαλεπωτέραν
768 2599 927 2682 ἀσέβειαν.
957 2595 1295 2682 “ἀπηναισχύντησας”
1312 2599 1375 2682 γάρ
1400 2621 1464 2683 φη-

366 2721 417 2764 σιν
438 2696 459 2782 ἦ
480 2697 591 2786 γραφὴ
610 2705 676 2774 τοῖς
695 2699 865 2775 τοιούτοις·
905 2695 1004 2781 “dung
1025 2698 1144 2784 πόρνης
1165 2697 1284 2782 ἐγένετό
1305 2697 1385 2761 σοι.”
1416 2699 1464 2763 τί-

366 3032 431 3077 tnne
451 3023 599 3092 episcopali
617 3024 745 3094 dignitate
766 3039 826 3077 eum
847 3025 1029 3093 expulissent,
1054 3026 1107 3079 nisi
1127 3024 1262 3078 anxietate
1279 3032 1307 3077 et
1323 3024 1465 3078 timiditate

367 3096 449 3150 nimia
468 3096 637 3162 perturbatae
657 3098 796 3164 utriunque
815 3098 890 3165 regis
907 3096 957 3150 ille
975 3097 1192 3150 benevolentiam
1209 3096 1334 3164 precibus
1355 3105 1383 3149 et
1401 3097 1465 3164 pln.

317 3225 326 3240 ‚
367 3167 442 3220 rimis
464 3165 581 3218 lacrimis
600 3166 651 3220 eibi
671 3176 854 3235 comparasset
879 3176 906 3219 et
930 3183 1021 3220 eoram
1040 3169 1086 3237 qai
1105 3169 1174 3235 apud
1191 3183 1272 3236 reges
1292 3175 1367 3220 erant
1383 3171 1466 3220 anxi.

368 3237 433 3292 liure
453 3238 535 3291 multa
555 3238 709 3292 adulatione
729 3248 757 3292 et
772 3240 988 3290 remuneratione
1006 3241 1172 3292 redemisset.
1209 3240 1299 3307 itaque
1319 3239 1416 3292 laetum
1437 3247 1467 3291 ut

369 3323 418 3374 pro
447 3325 539 3377 regunt
570 3309 708 3362 voluntate
737 3325 791 3362 non
821 3310 933 3377 amplius
952 3318 981 3362 nt
1010 3310 1141 3363 scelestus
1160 3319 1187 3364 et
1207 3311 1366 3364 temerarius
1385 3310 1465 3361 borno

367 3379 513 3432 baberetur
537 3394 625 3448 neque
661 3389 690 3432 ut
719 3381 869 3448 exemplum
892 3381 973 3450 quale
991 3390 1070 3449 antea
1091 3390 1148 3434 erat
1171 3383 1321 3436 dementiae
1340 3389 1368 3434 et
1388 3383 1465 3432 euius

367 3449 443 3504 nulle
463 3459 504 3504 est
523 3453 669 3526 excusatio.

468 3541 526 3614 E'go
555 3561 620 3599 vero
651 3561 807 3615 quamquam
833 3549 970 3600 innumera
986 3548 1040 3601 elia
1063 3557 1092 3602 et
1108 3565 1188 3618 supra
1205 3550 1318 3602 narratis
1337 3551 1466 3618 gravium
1519 3544 1520 3551 ’

371 3631 524 3685 proponere
543 3633 666 3686 possum,
691 3635 759 3687 quae
778 3620 889 3671 evidens
907 3621 1077 3686 turpitudinis
1104 3622 1162 3672 eins
1178 3622 1304 3673 indicium
1325 3621 1466 3688 praebent,

370 3705 441 3740 nune
461 3689 527 3740 haee
549 3690 619 3740 ultro
639 3691 845 3758 praetermittam
865 3707 899 3742 ex
919 3691 1136 3757 duobusramis,
1156 3709 1234 3760 quum
1255 3693 1326 3760 qnod
1344 3707 1467 3744 commo.

369 3761 438 3810 ratio
458 3762 485 3811 in
506 3761 655 3812 huiuamodi
683 3761 911 3813 criminationibus
938 3761 1047 3831 linguae
1075 3765 1293 3815 consuetudinem
1313 3763 1378 3814 iacit
1395 3779 1467 3832 quae

371 3830 469 3895 probos
498 3833 571 3883 viros
598 3834 705 3884 minime
729 3834 821 3896 decet,
847 3840 901 3883 tum
930 3849 996 3884 vero
1021 3836 1091 3902 quod
1110 3835 1231 3901 plurimis
1258 3836 1309 3885 ianr
1329 3833 1411 3901 longo
1432 3851 1467 3886 ex

371 3905 492 3966 ternpore
510 3919 554 3954 res
573 3911 653 3954 notae
674 3912 744 3967 sunt,
764 3920 829 3972 quas
848 3905 871 3955 si
889 3919 979 3956 rursus
997 3904 1143 3957 scientibus
1161 3907 1187 3956 in
1208 3907 1362 3964 memoriam
1381 3921 1467 3958 revo-

372 3985 460 4022 enrern
478 3982 578 4025 tanturn
603 3990 618 4024 a
638 3974 819 4027 delectatione
837 3975 957 4026 abessem
985 3985 1108 4042 qnantum
1134 3984 1163 4027 ut
1180 3977 1246 4027 fides
1266 3976 1393 4026 habeatnr
1413 3991 1467 4026 ne.

372 4056 449 4091 nesae
470 4044 508 4095 lit.
556 4060 624 4112 quae
650 4047 718 4096 enirn
737 4047 878 4097 manifesta
905 4046 976 4097 ultro
1003 4055 1031 4097 et
1057 4049 1115 4098 sine
1140 4048 1227 4098 studio
1258 4046 1466 4113 intelligentiam

371 4111 518 4179 praebent,
547 4117 635 4167 iubis
655 4125 826 4183 versantem,
858 4125 887 4167 nt
900 4114 943 4180 iit,
963 4119 1085 4185 sequitur
1102 4118 1232 4181 taedium,
1254 4118 1467 4184 quandoquidem

372 4190 467 4250 postea
487 4186 772 4255 docere‘eggreditur.
820 4203 888 4256 quae
918 4196 1004 4239 tamen
1031 4188 1206 4239 nibilominus
1227 4185 1422 4239 calumniantur
1439 4196 1469 4238 et

372 4255 504 4324 quomodo
525 4257 677 4309 inocculto
697 4261 795 4326 scripte
812 4275 871 4310 mea
890 4267 1013 4326 carpant,
1033 4261 1093 4328 qais
1119 4273 1151 4310 aa
1167 4258 1321 4326 singulatim
1340 4259 1470 4326 persequi

371 4325 479 4399 possit?
516 4326 627 4380 ethaeo
648 4331 708 4382 dnm
726 4337 817 4399 egunt,
837 4345 992 4412 quamquam
1011 4345 1027 4382 a
1044 4331 1123 4385 nobis
1133 4345 1241 4398 semper
1258 4330 1469 4396 convineuntur,
