3184 5100
506 1459 982 1552 PRAEFATIO.

642 1675 843 1688 *nn-

291 1834 401 1944 Quue
435 1876 528 1928 uuuo
553 1852 704 1954 'primum
744 1879 793 1932 ex
821 1856 1110 1933 bibliothecarum
1146 1858 1292 1937 latebris

190 2015 320 2115 prodit,
347 2016 466 2112 operis
480 2012 695 2112 Nicephorei
712 2039 794 2114 pars
819 2027 992 2113 postrema
1016 2020 1102 2093 satis
1128 2017 1187 2093 diu
1212 2040 1293 2092 ma-

189 2197 272 2249 num
298 2176 474 2274 quaesivit
497 2173 700 2269 liberalem,
722 2199 789 2272 qua
816 2175 859 2249 ab
883 2177 1064 2251 oblivione
1084 2177 1293 2252 vindicare-

190 2346 259 2410 tur.
310 2335 520 2430 promiserat
546 2355 621 2408 eam
646 2354 782 2407 manum
808 2335 993 2427 boiviuus,
1019 2337 1180 2433 porrexit
1204 2358 1292 2408 aea-
1361 2423 1378 2438 ο

191 2496 304 2571 demia
330 2492 599 2587 Berolineusis,
625 2495 723 2570 ouius
749 2517 833 2567 eura
858 2504 1063 2594 sumptuque
1087 2493 1215 2570 iactum
1240 2479 1295 2573 est

191 2666 230 2729 ut
260 2653 343 2728 libri
368 2652 451 2747 duo,
473 2654 634 2729 vicesimi
666 2655 807 2748 quintus
840 2664 876 2727 et
906 2663 1028 2729 sextus
1063 2676 1139 2728 oum
1171 2664 1294 2750 quarto

192 2811 391 2905 dimidiato,
415 2832 463 2884 ex
488 2809 611 2883 oodioe
636 2808 808 2884 Vaticano
838 2811 976 2903 (1095)
1000 2811 1297 2904 describerentur,

191 2960 323 3066 reliqui
348 2990 397 3041 ex
422 2967 682 3043 Perisiensibus
708 2968 834 3061 Regiis
869 2968 988 3057 (1276
1013 2980 1049 3045 et
1074 2971 1214 3064 3075),
1239 2970 1294 3045 illi
1323 2963 1327 2973 ’

191 3126 236 3200 ab
262 3128 418 3203 Haurioo
443 3126 611 3221 Bruuno,
638 3125 674 3200 bi
700 3148 720 3198 a
746 3122 956 3201 Wladimiro
981 3127 1156 3222 Bruneto,
1181 3128 1293 3204 doctis

192 3283 391 3360 bominibus
409 3308 453 3360 aa
476 3288 656 3381 negotium
681 3307 779 3361 suum
812 3285 962 3361 fideliter
987 3288 1175 3391 exsequiis.
1226 3256 1295 3359 oo-

192 3446 266 3519 dex
279 3442 470 3519 Vaticanus
488 3443 693 3521 ebartaoeus
719 3466 799 3521 esse
812 3444 1027 3543 perhibetur,
1051 3444 1174 3520 seculo
1200 3447 1296 3519 sori·
1379 3514 1402 3557 Φ,
1470 3492 1478 3503 ,

193 3612 274 3699 ptus
308 3602 443 3677 decimo
488 3612 612 3699 quarto
654 3604 715 3680 val
753 3606 893 3700 quinto,
928 3604 1086 3679 manibus
1124 3601 1295 3701 pluribus,

192 3758 297 3832 modo
337 3759 524 3855 diligenter
554 3761 657 3837 modo
696 3784 810 3837 secus.
871 3763 915 3836 de
948 3760 1141 3836 Parisieusi
1169 3762 1295 3859 priore

196 3919 320 3992 scitum
340 3894 400 3995 ⁸est
421 3918 514 4015 quod
539 3920 645 3995 tradit
669 3920 856 3997 Brunetus.

335 4054 393 4119 bas
422 4054 517 4120 livres
545 4055 731 4138 historiques
764 4058 805 4123 28
827 4066 859 4121 et
888 4060 929 4125 99
950 4067 982 4123 et
1012 4060 1060 4123 ies
1081 4059 1293 4145 dogmatiques

298 4157 326 4236 1,
347 4154 447 4222 uoti
468 4164 538 4221 sont
556 4156 646 4221 d’uue
668 4159 801 4223 scribare
821 4160 937 4243 rapide,
961 4168 1114 4241 correcte,
1136 4162 1213 4227 mais
1234 4179 1294 4245 peu

294 4255 449 4341 reguliere
473 4266 504 4321 et
525 4266 655 4323 souvarrt
676 4258 801 4323 difficile
819 4262 838 4322 d
858 4260 927 4326 lire.
972 4260 1015 4324 Ge
1035 4265 1117 4325 n’ast
1138 4264 1293 4329 certaiue-

295 4365 378 4448 ment
405 4375 460 4441 pas
492 4359 649 4426 l’e'eriture
679 4360 750 4428 d‘uu
763 4360 959 4448 ealligrapba
991 4362 1030 4428 do
1048 4360 1238 4445 profession,
1262 4367 1294 4425 et
