<?xml version="1.0" encoding="UTF-8"?>
<!DOCTYPE html PUBLIC "-//W3C//DTD XHTML 1.0 Transitional//EN"
    "http://www.w3.org/TR/xhtml1/DTD/xhtml1-transitional.dtd">
<html xmlns="http://www.w3.org/1999/xhtml" xml:lang="en" lang="en">
 <head>
  <title>
</title>
<meta http-equiv="Content-Type" content="text/html;charset=utf-8" />
  <meta name='ocr-system' content='tesseract 3.04.00' />
  <meta name='ocr-capabilities' content='ocr_page ocr_carea ocr_par ocr_line ocrx_word'/>
</head>
<body>
  <div class='ocr_page' id='page_1' title='image "./nicephorigregor04schogoog_0112.png"; bbox 0 0 3184 5100; ppageno 0'>
   <div class='ocr_carea' id='block_1_1' title="bbox 118 283 1296 491">
    <p class='ocr_par' dir='ltr' id='par_1_1' title="bbox 118 283 1296 491">
     <span class='ocr_line' id='line_1_1' title="bbox 677 283 690 322; baseline 0 0"><span class='ocrx_word' id='word_1_1' title='bbox 677 283 690 322; x_wconf 73' lang='grc' dir='ltr'><strong><em>ι</em></strong></span> 
     </span>
     <span class='ocr_line' id='line_1_2' title="bbox 118 347 1296 491; baseline 0.013 -15"><span class='ocrx_word' id='word_1_2' title='bbox 118 347 131 376; x_wconf 33' lang='lat' dir='ltr'>x</span> <span class='ocrx_word' id='word_1_3' title='bbox 254 395 497 478; x_wconf 74' lang='lat' dir='ltr'><strong>&#39;arsionum</strong></span> <span class='ocrx_word' id='word_1_4' title='bbox 526 409 783 482; x_wconf 72' lang='lat' dir='ltr'><strong>arnimaro</strong></span> <span class='ocrx_word' id='word_1_5' title='bbox 812 415 922 482; x_wconf 78' lang='lat' dir='ltr'><strong>axvi.</strong></span> <span class='ocrx_word' id='word_1_6' title='bbox 947 400 1134 487; x_wconf 74' lang='lat' dir='ltr'><strong>atr-at.</strong></span> <span class='ocrx_word' id='word_1_7' title='bbox 1198 415 1296 491; x_wconf 68' lang='grc' dir='ltr'><strong><em>τοτ’</em></strong></span> 
     </span>
    </p>
   </div>
   <div class='ocr_carea' id='block_1_2' title="bbox 83 572 1396 2698">
    <p class='ocr_par' dir='ltr' id='par_1_2' title="bbox 160 572 1271 973">
     <span class='ocr_line' id='line_1_3' title="bbox 161 572 1270 666; baseline 0.013 -28"><span class='ocrx_word' id='word_1_8' title='bbox 161 573 290 653; x_wconf 84' lang='grc' dir='ltr'><strong><em>δαίμων</em></strong></span> <span class='ocrx_word' id='word_1_9' title='bbox 310 575 463 640; x_wconf 72' lang='grc' dir='ltr'><strong><em>ἐπαντλεῖ</em></strong></span> <span class='ocrx_word' id='word_1_10' title='bbox 490 572 528 640; x_wconf 82' lang='grc' dir='ltr'><strong><em>τύ</em></strong></span> <span class='ocrx_word' id='word_1_11' title='bbox 552 576 705 660; x_wconf 77' lang='grc' dir='ltr'><strong><em>δεύτερα,</em></strong></span> <span class='ocrx_word' id='word_1_12' title='bbox 728 577 809 643; x_wconf 80' lang='grc' dir='ltr'><strong><em>κοῗπί</em></strong></span> <span class='ocrx_word' id='word_1_13' title='bbox 828 577 950 656; x_wconf 77' lang='grc' dir='ltr'><strong><em>τούτοις</em></strong></span> <span class='ocrx_word' id='word_1_14' title='bbox 978 575 1024 646; x_wconf 85' lang='grc' dir='ltr'><strong><em>αύ</em></strong></span> <span class='ocrx_word' id='word_1_15' title='bbox 1044 575 1095 648; x_wconf 77' lang='lat' dir='ltr'><strong>cisi</strong></span> <span class='ocrx_word' id='word_1_16' title='bbox 1114 581 1152 650; x_wconf 82' lang='lat' dir='ltr'><strong>rei</strong></span> <span class='ocrx_word' id='word_1_17' title='bbox 1168 581 1270 666; x_wconf 76' lang='grc' dir='ltr'><strong><em>μείξει</em></strong></span> 
     </span>
     <span class='ocr_line' id='line_1_4' title="bbox 161 672 1271 768; baseline 0.014 -31"><span class='ocrx_word' id='word_1_18' title='bbox 161 676 219 738; x_wconf 86' lang='grc' dir='ltr'><strong>καί</strong></span> <span class='ocrx_word' id='word_1_19' title='bbox 239 676 374 760; x_wconf 86' lang='grc' dir='ltr'><strong><em>μηιλαμῇ</em></strong></span> <span class='ocrx_word' id='word_1_20' title='bbox 395 672 652 758; x_wconf 72' lang='grc' dir='ltr'><strong><em>προσδοκώμενα.</em></strong></span> <span class='ocrx_word' id='word_1_21' title='bbox 676 679 730 743; x_wconf 87' lang='grc' dir='ltr'><strong>ναί</strong></span> <span class='ocrx_word' id='word_1_22' title='bbox 737 677 802 763; x_wconf 76' lang='grc' dir='ltr'><strong>μην</strong></span> <span class='ocrx_word' id='word_1_23' title='bbox 822 684 878 745; x_wconf 87' lang='grc' dir='ltr'><strong>καί</strong></span> <span class='ocrx_word' id='word_1_24' title='bbox 890 676 952 747; x_wconf 80' lang='grc' dir='ltr'><strong><em>ὅσα</em></strong></span> <span class='ocrx_word' id='word_1_25' title='bbox 966 686 1028 749; x_wconf 89' lang='grc' dir='ltr'><strong>τῶν</strong></span> <span class='ocrx_word' id='word_1_26' title='bbox 1049 709 1271 768; x_wconf 79' lang='grc' dir='ltr'><strong><em>παρεσκευασ-</em></strong></span> 
     </span>
     <span class='ocr_line' id='line_1_5' title="bbox 160 773 1270 866; baseline 0.011 -26"><span class='ocrx_word' id='word_1_27' title='bbox 160 778 268 857; x_wconf 84' lang='grc' dir='ltr'><strong><em>μένων</em></strong></span> <span class='ocrx_word' id='word_1_28' title='bbox 300 773 431 858; x_wconf 76' lang='grc' dir='ltr'><strong><em>βέβαιόν</em></strong></span> <span class='ocrx_word' id='word_1_29' title='bbox 451 801 484 842; x_wconf 90' lang='grc' dir='ltr'><strong>τε</strong></span> <span class='ocrx_word' id='word_1_30' title='bbox 515 781 570 842; x_wconf 87' lang='grc' dir='ltr'><strong>καί</strong></span> <span class='ocrx_word' id='word_1_31' title='bbox 598 782 834 866; x_wconf 82' lang='grc' dir='ltr'><strong><em>α’ναμφιλεκτον</em></strong></span> <span class='ocrx_word' id='word_1_32' title='bbox 859 781 945 865; x_wconf 79' lang='grc' dir='ltr'><strong><em>ἔχειν</em></strong></span> <span class='ocrx_word' id='word_1_33' title='bbox 967 786 1058 849; x_wconf 80' lang='grc' dir='ltr'><strong><em>δοκεῖ</em></strong></span> <span class='ocrx_word' id='word_1_34' title='bbox 1072 810 1138 861; x_wconf 86' lang='grc' dir='ltr'><strong><em>πως</em></strong></span> <span class='ocrx_word' id='word_1_35' title='bbox 1157 785 1192 853; x_wconf 83' lang='grc' dir='ltr'><strong><em>τύ</em></strong></span> <span class='ocrx_word' id='word_1_36' title='bbox 1216 780 1270 852; x_wconf 78' lang='grc' dir='ltr'><strong><em>εύ·</em></strong></span> 
     </span>
     <span class='ocr_line' id='line_1_6' title="bbox 162 869 1268 973; baseline 0.008 -31"><span class='ocrx_word' id='word_1_37' title='bbox 162 880 290 958; x_wconf 77' lang='grc' dir='ltr'><strong><em>ιλαιμον,</em></strong></span> <span class='ocrx_word' id='word_1_38' title='bbox 306 879 361 943; x_wconf 85' lang='grc' dir='ltr'><strong>καί</strong></span> <span class='ocrx_word' id='word_1_39' title='bbox 373 869 419 956; x_wconf 80' lang='grc' dir='ltr'><strong><em>οἷς</em></strong></span> <span class='ocrx_word' id='word_1_40' title='bbox 432 875 536 956; x_wconf 81' lang='grc' dir='ltr'><strong><em>ούύείς</em></strong></span> <span class='ocrx_word' id='word_1_41' title='bbox 551 881 619 945; x_wconf 73' lang='grc' dir='ltr'><strong>οὐδ’</strong></span> <span class='ocrx_word' id='word_1_42' title='bbox 634 879 766 946; x_wconf 75' lang='grc' dir='ltr'><strong>ὁθενοῦν</strong></span> <span class='ocrx_word' id='word_1_43' title='bbox 783 884 851 948; x_wconf 80' lang='grc' dir='ltr'><strong><em>ου’δ’</em></strong></span> <span class='ocrx_word' id='word_1_44' title='bbox 866 883 974 949; x_wconf 77' lang='grc' dir='ltr'><strong><em>ὁτιοῦν</em></strong></span> <span class='ocrx_word' id='word_1_45' title='bbox 987 884 1055 968; x_wconf 80' lang='grc' dir='ltr'><strong><em>ἔχει</em></strong></span> <span class='ocrx_word' id='word_1_46' title='bbox 1067 893 1268 973; x_wconf 77' lang='grc' dir='ltr'><strong><em>μέμφεσθαι,</em></strong></span> 
     </span>
    </p>

    <p class='ocr_par' dir='ltr' id='par_1_3' title="bbox 137 975 1342 1476">
     <span class='ocr_line' id='line_1_7' title="bbox 137 975 1270 1068; baseline 0.013 -28"><span class='ocrx_word' id='word_1_47' title='bbox 137 981 266 1045; x_wconf 66' lang='lat' dir='ltr'><strong>iiuada·</strong></span> <span class='ocrx_word' id='word_1_48' title='bbox 281 983 312 1054; x_wconf 86' lang='grc' dir='ltr'><strong><em>ές</em></strong></span> <span class='ocrx_word' id='word_1_49' title='bbox 325 975 461 1064; x_wconf 77' lang='grc' dir='ltr'><strong><em>ἑσπέραν</em></strong></span> <span class='ocrx_word' id='word_1_50' title='bbox 473 979 711 1065; x_wconf 74' lang='grc' dir='ltr'><strong><em>ἀνατρεπόμενοι</em></strong></span> <span class='ocrx_word' id='word_1_51' title='bbox 726 981 828 1049; x_wconf 79' lang='grc' dir='ltr'><strong><em>πάντα</em></strong></span> <span class='ocrx_word' id='word_1_52' title='bbox 842 994 959 1068; x_wconf 79' lang='grc' dir='ltr'><strong><em>κτίται,</em></strong></span> <span class='ocrx_word' id='word_1_53' title='bbox 974 986 1030 1051; x_wconf 86' lang='grc' dir='ltr'><strong>καί</strong></span> <span class='ocrx_word' id='word_1_54' title='bbox 1044 990 1077 1063; x_wconf 82' lang='grc' dir='ltr'><strong><em>ές</em></strong></span> <span class='ocrx_word' id='word_1_55' title='bbox 1090 987 1270 1055; x_wconf 84' lang='grc' dir='ltr'><strong><em>ιούνοντίον</em></strong></span> 
     </span>
     <span class='ocr_line' id='line_1_8' title="bbox 161 1081 1342 1174; baseline 0.01 -32"><span class='ocrx_word' id='word_1_56' title='bbox 161 1089 349 1163; x_wconf 83' lang='grc' dir='ltr'><strong><em>περιχωρεῖ,</em></strong></span> <span class='ocrx_word' id='word_1_57' title='bbox 371 1081 426 1145; x_wconf 85' lang='grc' dir='ltr'><strong>καί</strong></span> <span class='ocrx_word' id='word_1_58' title='bbox 446 1083 548 1174; x_wconf 76' lang='grc' dir='ltr'><strong><em>ῥᾷστα</em></strong></span> <span class='ocrx_word' id='word_1_59' title='bbox 564 1086 609 1174; x_wconf 72' lang='grc' dir='ltr'><strong><em>τη]</em></strong></span> <span class='ocrx_word' id='word_1_60' title='bbox 628 1088 681 1168; x_wconf 70' lang='grc' dir='ltr'><strong>τῆς</strong></span> <span class='ocrx_word' id='word_1_61' title='bbox 702 1085 860 1169; x_wconf 72' lang='grc' dir='ltr'><strong><em>ἁμαρτίας</em></strong></span> <span class='ocrx_word' id='word_1_62' title='bbox 878 1090 1060 1171; x_wconf 78' lang='grc' dir='ltr'><strong><em>περιτρέπει</em></strong></span> <span class='ocrx_word' id='word_1_63' title='bbox 1077 1092 1216 1168; x_wconf 81' lang='grc' dir='ltr'><strong><em>δαίμονι,</em></strong></span> <span class='ocrx_word' id='word_1_64' title='bbox 1236 1093 1288 1168; x_wconf 83' lang='grc' dir='ltr'><strong><em>ε’ξ·</em></strong></span> <span class='ocrx_word' id='word_1_65' title='bbox 1337 1126 1342 1134; x_wconf 83' lang='lat'><em>‚</em></span> 
     </span>
     <span class='ocr_line' id='line_1_9' title="bbox 162 1181 1266 1274; baseline 0.008 -29"><span class='ocrx_word' id='word_1_66' title='bbox 162 1181 273 1246; x_wconf 76' lang='lat' dir='ltr'><strong>oi’rrdv</strong></span> <span class='ocrx_word' id='word_1_67' title='bbox 295 1183 515 1268; x_wconf 72' lang='grc' dir='ltr'><strong><em>ἀπηρτισμένα</em></strong></span> <span class='ocrx_word' id='word_1_68' title='bbox 550 1190 664 1261; x_wconf 83' lang='grc' dir='ltr'><strong><em>τελέως</em></strong></span> <span class='ocrx_word' id='word_1_69' title='bbox 693 1187 791 1252; x_wconf 79' lang='grc' dir='ltr'><strong><em>εἰπεῖν</em></strong></span> <span class='ocrx_word' id='word_1_70' title='bbox 821 1186 1029 1271; x_wconf 79' lang='grc' dir='ltr'><strong><em>ἆρπαζύμενα</em></strong></span> <span class='ocrx_word' id='word_1_71' title='bbox 1052 1193 1115 1254; x_wconf 89' lang='grc' dir='ltr'><strong>τῶν</strong></span> <span class='ocrx_word' id='word_1_72' title='bbox 1135 1192 1266 1274; x_wconf 86' lang='grc' dir='ltr'><strong><em>χειρῶν.</em></strong></span> 
     </span>
     <span class='ocr_line' id='line_1_10' title="bbox 161 1281 1268 1377; baseline 0.011 -32"><span class='ocrx_word' id='word_1_73' title='bbox 161 1286 218 1346; x_wconf 88' lang='grc' dir='ltr'><strong>καί</strong></span> <span class='ocrx_word' id='word_1_74' title='bbox 249 1281 304 1347; x_wconf 83' lang='grc' dir='ltr'><strong>αἐί</strong></span> <span class='ocrx_word' id='word_1_75' title='bbox 331 1285 458 1361; x_wconf 84' lang='grc' dir='ltr'><strong><em>τελείους</em></strong></span> <span class='ocrx_word' id='word_1_76' title='bbox 487 1284 543 1351; x_wconf 90' lang='grc' dir='ltr'><strong>καί</strong></span> <span class='ocrx_word' id='word_1_77' title='bbox 576 1287 736 1370; x_wconf 86' lang='grc' dir='ltr'><strong><em>κρείττους</em></strong></span> <span class='ocrx_word' id='word_1_78' title='bbox 762 1291 949 1377; x_wconf 74' lang='grc' dir='ltr'><strong><em>’κεκτημένοι</em></strong></span> <span class='ocrx_word' id='word_1_79' title='bbox 980 1287 1180 1373; x_wconf 78' lang='grc' dir='ltr'><strong><em>πολλαχόθεν</em></strong></span> <span class='ocrx_word' id='word_1_80' title='bbox 1210 1291 1268 1368; x_wconf 84' lang='grc' dir='ltr'><strong>τύς</strong></span> 
     </span>
     <span class='ocr_line' id='line_1_11' title="bbox 162 1383 1268 1476; baseline 0.009 -30"><span class='ocrx_word' id='word_1_81' title='bbox 162 1383 318 1466; x_wconf 83' lang='grc' dir='ltr'><strong><em>α’φσρμύς</em></strong></span> <span class='ocrx_word' id='word_1_82' title='bbox 339 1387 400 1450; x_wconf 90' lang='grc' dir='ltr'><strong>τῶν</strong></span> <span class='ocrx_word' id='word_1_83' title='bbox 427 1391 579 1470; x_wconf 81' lang='grc' dir='ltr'><strong><em>μαχίμων</em></strong></span> <span class='ocrx_word' id='word_1_84' title='bbox 600 1394 829 1472; x_wconf 71' lang='grc' dir='ltr'><strong><em>παρασκευῶν,</em></strong></span> <span class='ocrx_word' id='word_1_85' title='bbox 853 1385 965 1474; x_wconf 75' lang='grc' dir='ltr'><strong><em>ἥττους</em></strong></span> <span class='ocrx_word' id='word_1_86' title='bbox 991 1393 1026 1457; x_wconf 77' lang='grc' dir='ltr'><strong>έν</strong></span> <span class='ocrx_word' id='word_1_87' title='bbox 1046 1399 1112 1466; x_wconf 74' lang='grc' dir='ltr'><strong><em>τοῖς</em></strong></span> <span class='ocrx_word' id='word_1_88' title='bbox 1131 1397 1268 1476; x_wconf 88' lang='grc' dir='ltr'><strong><em>καιρίοις</em></strong></span> 
     </span>
    </p>

    <p class='ocr_par' dir='ltr' id='par_1_4' title="bbox 120 1481 1335 1984">
     <span class='ocr_line' id='line_1_12' title="bbox 120 1481 1269 1578; baseline 0.007 -30"><span class='ocrx_word' id='word_1_89' title='bbox 120 1481 312 1550; x_wconf 77' lang='grc' dir='ltr'><strong><em>λθέκοὶστοτε</em></strong></span> <span class='ocrx_word' id='word_1_90' title='bbox 333 1491 446 1577; x_wconf 77' lang='grc' dir='ltr'><strong><em>μακρῷ</em></strong></span> <span class='ocrx_word' id='word_1_91' title='bbox 469 1492 531 1553; x_wconf 89' lang='grc' dir='ltr'><strong>τῶν</strong></span> <span class='ocrx_word' id='word_1_92' title='bbox 551 1494 710 1570; x_wconf 85' lang='grc' dir='ltr'><strong><em>πολεμίων</em></strong></span> <span class='ocrx_word' id='word_1_93' title='bbox 724 1492 874 1577; x_wconf 80' lang='grc' dir='ltr'><strong><em>ε’ξαίφνης</em></strong></span> <span class='ocrx_word' id='word_1_94' title='bbox 895 1491 1097 1578; x_wconf 73' lang='grc' dir='ltr'><strong><em>φαινόμεθα·</em></strong></span> <span class='ocrx_word' id='word_1_95' title='bbox 1141 1496 1196 1556; x_wconf 86' lang='grc' dir='ltr'><strong>καί</strong></span> <span class='ocrx_word' id='word_1_96' title='bbox 1216 1491 1269 1556; x_wconf 82' lang='grc' dir='ltr'><strong>αἐί</strong></span> 
     </span>
     <span class='ocr_line' id='line_1_13' title="bbox 160 1589 1267 1678; baseline 0.005 -26"><span class='ocrx_word' id='word_1_97' title='bbox 160 1593 310 1673; x_wconf 74' lang='grc' dir='ltr'><strong><em>γέμοντες</em></strong></span> <span class='ocrx_word' id='word_1_98' title='bbox 331 1589 468 1654; x_wconf 70' lang='lat' dir='ltr'><strong>innitor</strong></span> <span class='ocrx_word' id='word_1_99' title='bbox 488 1597 648 1676; x_wconf 81' lang='grc' dir='ltr'><strong><em>χρηστῶν,</em></strong></span> <span class='ocrx_word' id='word_1_100' title='bbox 667 1591 720 1656; x_wconf 76' lang='grc' dir='ltr'><strong><em>ἀεί</em></strong></span> <span class='ocrx_word' id='word_1_101' title='bbox 739 1596 870 1678; x_wconf 80' lang='grc' dir='ltr'><strong><em>μακρῶν</em></strong></span> <span class='ocrx_word' id='word_1_102' title='bbox 890 1594 950 1656; x_wconf 77' lang='grc' dir='ltr'><strong><em>σύν</em></strong></span> <span class='ocrx_word' id='word_1_103' title='bbox 971 1595 1018 1668; x_wconf 83' lang='grc' dir='ltr'><strong>είς</strong></span> <span class='ocrx_word' id='word_1_104' title='bbox 1038 1591 1166 1678; x_wconf 76' lang='grc' dir='ltr'><strong><em>μακρῶν</em></strong></span> <span class='ocrx_word' id='word_1_105' title='bbox 1184 1593 1267 1658; x_wconf 81' lang='lat' dir='ltr'><strong>oino-</strong></span> 
     </span>
     <span class='ocr_line' id='line_1_14' title="bbox 161 1685 1335 1777; baseline 0.006 -25"><span class='ocrx_word' id='word_1_106' title='bbox 161 1685 309 1773; x_wconf 88' lang='grc' dir='ltr'><strong><em>γνούοτοον</em></strong></span> <span class='ocrx_word' id='word_1_107' title='bbox 339 1686 416 1764; x_wconf 84' lang='grc' dir='ltr'><strong><em>τούς</em></strong></span> <span class='ocrx_word' id='word_1_108' title='bbox 442 1687 475 1754; x_wconf 83' lang='grc' dir='ltr'><strong>έν</strong></span> <span class='ocrx_word' id='word_1_109' title='bbox 509 1695 590 1756; x_wconf 86' lang='grc' dir='ltr'><strong><em>τέλει</em></strong></span> <span class='ocrx_word' id='word_1_110' title='bbox 623 1695 786 1776; x_wconf 86' lang='grc' dir='ltr'><strong><em>τρυγῶμεν</em></strong></span> <span class='ocrx_word' id='word_1_111' title='bbox 818 1691 968 1777; x_wconf 89' lang='grc' dir='ltr'><strong><em>καρπούς.</em></strong></span> <span class='ocrx_word' id='word_1_112' title='bbox 1020 1689 1038 1756; x_wconf 80' lang='lat' dir='ltr'><strong>t</strong></span> <span class='ocrx_word' id='word_1_113' title='bbox 1067 1698 1122 1759; x_wconf 88' lang='grc' dir='ltr'><strong>καί</strong></span> <span class='ocrx_word' id='word_1_114' title='bbox 1139 1697 1335 1776; x_wconf 69' lang='grc' dir='ltr'><strong><em>μακρῶςη</em></strong></span> 
     </span>
     <span class='ocr_line' id='line_1_15' title="bbox 162 1789 1265 1878; baseline 0.004 -26"><span class='ocrx_word' id='word_1_115' title='bbox 162 1796 346 1874; x_wconf 84' lang='grc' dir='ltr'><strong><em>περιίστησί</em></strong></span> <span class='ocrx_word' id='word_1_116' title='bbox 364 1804 418 1871; x_wconf 87' lang='grc' dir='ltr'><strong>μὀι</strong></span> <span class='ocrx_word' id='word_1_117' title='bbox 443 1789 499 1868; x_wconf 77' lang='grc' dir='ltr'><strong>τὰς</strong></span> <span class='ocrx_word' id='word_1_118' title='bbox 523 1793 678 1878; x_wconf 87' lang='grc' dir='ltr'><strong><em>α’ποριάς,</em></strong></span> <span class='ocrx_word' id='word_1_119' title='bbox 707 1796 763 1859; x_wconf 87' lang='grc' dir='ltr'><strong>καί</strong></span> <span class='ocrx_word' id='word_1_120' title='bbox 785 1802 911 1871; x_wconf 74' lang='grc' dir='ltr'><strong><em>πολλοῖς</em></strong></span> <span class='ocrx_word' id='word_1_121' title='bbox 940 1798 996 1860; x_wconf 85' lang='grc' dir='ltr'><strong>καί</strong></span> <span class='ocrx_word' id='word_1_122' title='bbox 1027 1795 1115 1876; x_wconf 80' lang='grc' dir='ltr'><strong><em>μάλα</em></strong></span> <span class='ocrx_word' id='word_1_123' title='bbox 1136 1793 1265 1870; x_wconf 88' lang='grc' dir='ltr'><strong><em>α’τύποις</em></strong></span> 
     </span>
     <span class='ocr_line' id='line_1_16' title="bbox 161 1891 1266 1984; baseline 0.005 -29"><span class='ocrx_word' id='word_1_124' title='bbox 161 1891 345 1973; x_wconf 84' lang='grc' dir='ltr'><strong><em>περικλύζει</em></strong></span> <span class='ocrx_word' id='word_1_125' title='bbox 366 1902 431 1968; x_wconf 80' lang='grc' dir='ltr'><strong><em>τοϊς</em></strong></span> <span class='ocrx_word' id='word_1_126' title='bbox 453 1895 599 1959; x_wconf 77' lang='grc' dir='ltr'><strong><em>ε’ντεύθεν</em></strong></span> <span class='ocrx_word' id='word_1_127' title='bbox 621 1892 775 1984; x_wconf 80' lang='grc' dir='ltr'><strong><em>κύμασιν,</em></strong></span> <span class='ocrx_word' id='word_1_128' title='bbox 810 1897 854 1973; x_wconf 85' lang='grc' dir='ltr'><strong><em>ῶς</em></strong></span> <span class='ocrx_word' id='word_1_129' title='bbox 874 1901 957 1983; x_wconf 76' lang='grc' dir='ltr'><strong><em>μηδέ</em></strong></span> <span class='ocrx_word' id='word_1_130' title='bbox 978 1895 1036 1982; x_wconf 77' lang='grc' dir='ltr'><strong>την</strong></span> <span class='ocrx_word' id='word_1_131' title='bbox 1056 1900 1197 1980; x_wconf 87' lang='grc' dir='ltr'><strong><em>γλῶτταν</em></strong></span> <span class='ocrx_word' id='word_1_132' title='bbox 1219 1892 1266 1960; x_wconf 77' lang='grc' dir='ltr'><strong><em>ἔτι</em></strong></span> 
     </span>
    </p>

    <p class='ocr_par' dir='ltr' id='par_1_5' title="bbox 121 1992 1267 2084">
     <span class='ocr_line' id='line_1_17' title="bbox 121 1992 1267 2084; baseline 0.001 -27"><span class='ocrx_word' id='word_1_133' title='bbox 121 2005 149 2060; x_wconf 80' lang='grc'><strong>15</strong></span> <span class='ocrx_word' id='word_1_134' title='bbox 162 1993 271 2077; x_wconf 86' lang='grc' dir='ltr'><strong><em>πρύσοο</em></strong></span> <span class='ocrx_word' id='word_1_135' title='bbox 293 1992 454 2060; x_wconf 78' lang='grc' dir='ltr'><strong><em>δύνασθαι</em></strong></span> <span class='ocrx_word' id='word_1_136' title='bbox 477 2005 584 2078; x_wconf 77' lang='grc' dir='ltr'><strong><em>κινεῖν,</em></strong></span> <span class='ocrx_word' id='word_1_137' title='bbox 607 1999 750 2080; x_wconf 81' lang='grc' dir='ltr'><strong><em>χείροσιν</em></strong></span> <span class='ocrx_word' id='word_1_138' title='bbox 770 1999 824 2063; x_wconf 74' lang='lat' dir='ltr'><strong>riri</strong></span> <span class='ocrx_word' id='word_1_139' title='bbox 844 1999 1034 2084; x_wconf 75' lang='grc' dir='ltr'><strong><em>διηγήμασιν</em></strong></span> <span class='ocrx_word' id='word_1_140' title='bbox 1055 1997 1267 2081; x_wconf 85' lang='grc' dir='ltr'><strong><em>ε’ντυγχιίνου-</em></strong></span> 
     </span>
    </p>

    <p class='ocr_par' dir='ltr' id='par_1_6' title="bbox 83 2089 1396 2493">
     <span class='ocr_line' id='line_1_18' title="bbox 83 2089 1396 2186; baseline 0.005 -27"><span class='ocrx_word' id='word_1_141' title='bbox 83 2103 85 2166; x_wconf 76' lang='grc' dir='ltr'><em>ζ</em></span> <span class='ocrx_word' id='word_1_142' title='bbox 159 2120 228 2162; x_wconf 91' lang='grc' dir='ltr'><strong><em>σαν.</em></strong></span> <span class='ocrx_word' id='word_1_143' title='bbox 274 2093 330 2160; x_wconf 84' lang='grc' dir='ltr'><strong>καί</strong></span> <span class='ocrx_word' id='word_1_144' title='bbox 353 2089 391 2180; x_wconf 77' lang='grc' dir='ltr'><strong>ἢν</strong></span> <span class='ocrx_word' id='word_1_145' title='bbox 412 2096 458 2181; x_wconf 80' lang='grc' dir='ltr'><strong>μη</strong></span> <span class='ocrx_word' id='word_1_146' title='bbox 485 2102 525 2166; x_wconf 86' lang='grc' dir='ltr'><strong>σύ</strong></span> <span class='ocrx_word' id='word_1_147' title='bbox 544 2122 601 2181; x_wconf 91' lang='grc' dir='ltr'><strong>μοι</strong></span> <span class='ocrx_word' id='word_1_148' title='bbox 619 2097 741 2184; x_wconf 85' lang='grc' dir='ltr'><strong><em>λύσαις,</em></strong></span> <span class='ocrx_word' id='word_1_149' title='bbox 764 2101 953 2186; x_wconf 81' lang='grc' dir='ltr'><strong><em>Ἀσκληπιός</em></strong></span> <span class='ocrx_word' id='word_1_150' title='bbox 973 2125 1022 2178; x_wconf 86' lang='grc' dir='ltr'><strong>τις</strong></span> <span class='ocrx_word' id='word_1_151' title='bbox 1041 2102 1096 2165; x_wconf 77' lang='grc' dir='ltr'><strong><em>κατ’</em></strong></span> <span class='ocrx_word' id='word_1_152' title='bbox 1117 2102 1141 2140; x_wconf 82' lang='grc'>”</span> <span class='ocrx_word' id='word_1_153' title='bbox 1157 2098 1265 2167; x_wconf 78' lang='lat' dir='ltr'><strong>‘luno-</strong></span> <span class='ocrx_word' id='word_1_154' title='bbox 1276 2110 1296 2168; x_wconf 84' lang='lat' dir='ltr'><strong>i.</strong></span> <span class='ocrx_word' id='word_1_155' title='bbox 1307 2110 1359 2168; x_wconf 83' lang='lat'><strong>119</strong></span> <span class='ocrx_word' id='word_1_156' title='bbox 1368 2111 1396 2168; x_wconf 82' lang='grc' dir='ltr'><strong>λι.</strong></span> 
     </span>
     <span class='ocr_line' id='line_1_19' title="bbox 158 2193 1267 2293; baseline 0.002 -31"><span class='ocrx_word' id='word_1_157' title='bbox 158 2193 277 2282; x_wconf 85' lang='grc' dir='ltr'><strong><em>κρύτης</em></strong></span> <span class='ocrx_word' id='word_1_158' title='bbox 307 2198 429 2264; x_wconf 83' lang='grc' dir='ltr'><strong><em>ούτιοσί</em></strong></span> <span class='ocrx_word' id='word_1_159' title='bbox 447 2224 513 2275; x_wconf 83' lang='grc' dir='ltr'><strong><em>πως</em></strong></span> <span class='ocrx_word' id='word_1_160' title='bbox 545 2199 709 2290; x_wconf 75' lang='grc' dir='ltr'><strong><em>καμνούσῃ</em></strong></span> <span class='ocrx_word' id='word_1_161' title='bbox 730 2205 843 2289; x_wconf 82' lang='grc' dir='ltr'><strong><em>φανείς</em></strong></span> <span class='ocrx_word' id='word_1_162' title='bbox 874 2206 1017 2293; x_wconf 83' lang='grc' dir='ltr'><strong><em>ιλιανοίρι,</em></strong></span> <span class='ocrx_word' id='word_1_163' title='bbox 1048 2200 1106 2265; x_wconf 85' lang='grc' dir='ltr'><strong>ούκ</strong></span> <span class='ocrx_word' id='word_1_164' title='bbox 1130 2197 1171 2265; x_wconf 78' lang='lat' dir='ltr'><strong>dr</strong></span> <span class='ocrx_word' id='word_1_165' title='bbox 1192 2202 1267 2282; x_wconf 83' lang='grc' dir='ltr'><strong><em>έμοί</em></strong></span> 
     </span>
     <span class='ocr_line' id='line_1_20' title="bbox 158 2303 1266 2393; baseline 0 -27"><span class='ocrx_word' id='word_1_166' title='bbox 158 2303 221 2366; x_wconf 87' lang='grc' dir='ltr'><strong>τῶν</strong></span> <span class='ocrx_word' id='word_1_167' title='bbox 252 2305 365 2386; x_wconf 73' lang='grc' dir='ltr'><strong><em>ἐφεξῆς</em></strong></span> <span class='ocrx_word' id='word_1_168' title='bbox 393 2305 476 2388; x_wconf 88' lang='grc' dir='ltr'><strong><em>ένείη</em></strong></span> <span class='ocrx_word' id='word_1_169' title='bbox 507 2305 609 2386; x_wconf 86' lang='grc' dir='ltr'><strong><em>λέγειν</em></strong></span> <span class='ocrx_word' id='word_1_170' title='bbox 638 2304 781 2393; x_wconf 74' lang='grc' dir='ltr'><strong><em>οὐδαμῇ,</em></strong></span> <span class='ocrx_word' id='word_1_171' title='bbox 812 2303 881 2368; x_wconf 71' lang='grc' dir='ltr'><strong><em>ἀλλ’</em></strong></span> <span class='ocrx_word' id='word_1_172' title='bbox 904 2307 1046 2371; x_wconf 74' lang='grc' dir='ltr'><strong><em>ἐνταῦθα</em></strong></span> <span class='ocrx_word' id='word_1_173' title='bbox 1076 2303 1116 2389; x_wconf 77' lang='grc' dir='ltr'><strong>δη</strong></span> <span class='ocrx_word' id='word_1_174' title='bbox 1136 2327 1178 2384; x_wconf 84' lang='grc' dir='ltr'><strong><em>με</em></strong></span> <span class='ocrx_word' id='word_1_175' title='bbox 1202 2303 1266 2368; x_wconf 84' lang='grc' dir='ltr'><strong>τῶν</strong></span> 
     </span>
     <span class='ocr_line' id='line_1_21' title="bbox 159 2362 1365 2493; baseline 0.002 -27"><span class='ocrx_word' id='word_1_176' title='bbox 159 2403 302 2485; x_wconf 82' lang='grc' dir='ltr'><strong><em>σ’πσριῶν</em></strong></span> <span class='ocrx_word' id='word_1_177' title='bbox 332 2399 365 2468; x_wconf 83' lang='grc' dir='ltr'><strong><em>αἱ</em></strong></span> <span class='ocrx_word' id='word_1_178' title='bbox 384 2403 546 2490; x_wconf 84' lang='grc' dir='ltr'><strong><em>φύραγγές</em></strong></span> <span class='ocrx_word' id='word_1_179' title='bbox 570 2429 602 2470; x_wconf 90' lang='grc' dir='ltr'><strong>τε</strong></span> <span class='ocrx_word' id='word_1_180' title='bbox 623 2387 678 2470; x_wconf 77' lang='grc' dir='ltr'><strong>καί</strong></span> <span class='ocrx_word' id='word_1_181' title='bbox 701 2404 739 2471; x_wconf 79' lang='grc' dir='ltr'><strong><em>τύ</em></strong></span> <span class='ocrx_word' id='word_1_182' title='bbox 765 2403 878 2490; x_wconf 79' lang='grc' dir='ltr'><strong><em>ἔνεέρο</em></strong></span> <span class='ocrx_word' id='word_1_183' title='bbox 901 2404 1003 2493; x_wconf 75' lang='lat' dir='ltr'><strong>peirac</strong></span> <span class='ocrx_word' id='word_1_184' title='bbox 1025 2404 1080 2471; x_wconf 87' lang='grc' dir='ltr'><strong>τύν</strong></span> <span class='ocrx_word' id='word_1_185' title='bbox 1099 2400 1185 2470; x_wconf 73' lang='lat' dir='ltr'><strong>siro</strong></span> <span class='ocrx_word' id='word_1_186' title='bbox 1204 2429 1264 2468; x_wconf 86' lang='grc' dir='ltr'><strong>τα·</strong></span> <span class='ocrx_word' id='word_1_187' title='bbox 1327 2362 1365 2483; x_wconf 44' lang='grc' dir='ltr'>Χ</span> 
     </span>
    </p>

    <p class='ocr_par' dir='ltr' id='par_1_7' title="bbox 121 2503 1264 2698">
     <span class='ocr_line' id='line_1_22' title="bbox 121 2503 1264 2594; baseline -0.002 -23"><span class='ocrx_word' id='word_1_188' title='bbox 121 2504 321 2589; x_wconf 69' lang='grc' dir='ltr'><strong>2θλαίπονρον</strong></span> <span class='ocrx_word' id='word_1_189' title='bbox 351 2503 480 2589; x_wconf 80' lang='grc' dir='ltr'><strong><em>κάμψαι</em></strong></span> <span class='ocrx_word' id='word_1_190' title='bbox 507 2503 674 2589; x_wconf 75' lang='grc' dir='ltr'><strong><em>βιάσονται</em></strong></span> <span class='ocrx_word' id='word_1_191' title='bbox 706 2507 825 2594; x_wconf 82' lang='grc' dir='ltr'><strong><em>ύρύμον</em></strong></span> <span class='ocrx_word' id='word_1_192' title='bbox 845 2510 919 2577; x_wconf 84' lang='grc' dir='ltr'><strong><em>,τῶν</em></strong></span> <span class='ocrx_word' id='word_1_193' title='bbox 953 2506 1070 2593; x_wconf 81' lang='grc' dir='ltr'><strong><em>λέγων,</em></strong></span> <span class='ocrx_word' id='word_1_194' title='bbox 1097 2507 1172 2592; x_wconf 89' lang='grc' dir='ltr'><strong><em>πρίν</em></strong></span> <span class='ocrx_word' id='word_1_195' title='bbox 1201 2510 1264 2571; x_wconf 87' lang='grc' dir='ltr'><strong>τῶν</strong></span> 
     </span>
     <span class='ocr_line' id='line_1_23' title="bbox 159 2602 1263 2698; baseline 0.001 -27"><span class='ocrx_word' id='word_1_196' title='bbox 159 2610 274 2673; x_wconf 80' lang='grc' dir='ltr'><strong><em>δεινῶν</em></strong></span> <span class='ocrx_word' id='word_1_197' title='bbox 294 2610 454 2673; x_wconf 78' lang='grc' dir='ltr'><strong><em>ἐπιθεῖναι</em></strong></span> <span class='ocrx_word' id='word_1_198' title='bbox 476 2605 515 2675; x_wconf 80' lang='grc' dir='ltr'><strong><em>τύ</em></strong></span> <span class='ocrx_word' id='word_1_199' title='bbox 538 2612 647 2692; x_wconf 78' lang='grc' dir='ltr'><strong><em>μείζω.</em></strong></span> <span class='ocrx_word' id='word_1_200' title='bbox 692 2605 750 2697; x_wconf 74' lang='grc' dir='ltr'><strong><em>ἆγε</em></strong></span> <span class='ocrx_word' id='word_1_201' title='bbox 772 2612 812 2697; x_wconf 76' lang='grc' dir='ltr'><strong>δὴ</strong></span> <span class='ocrx_word' id='word_1_202' title='bbox 834 2605 911 2694; x_wconf 81' lang='grc' dir='ltr'><strong><em>σύν,</em></strong></span> <span class='ocrx_word' id='word_1_203' title='bbox 934 2602 1001 2695; x_wconf 73' lang='grc' dir='ltr'><strong><em>ὅγε,</em></strong></span> <span class='ocrx_word' id='word_1_204' title='bbox 1025 2615 1103 2698; x_wconf 84' lang='grc' dir='ltr'><strong><em>φίλη</em></strong></span> <span class='ocrx_word' id='word_1_205' title='bbox 1127 2633 1184 2693; x_wconf 90' lang='grc' dir='ltr'><strong>μοι</strong></span> <span class='ocrx_word' id='word_1_206' title='bbox 1208 2630 1263 2673; x_wconf 78' lang='grc' dir='ltr'><strong><em>κε-</em></strong></span> 
     </span>
    </p>
   </div>
   <div class='ocr_carea' id='block_1_3' title="bbox 148 2900 1270 4408">
    <p class='ocr_par' dir='ltr' id='par_1_8' title="bbox 148 2900 1270 4408">
     <span class='ocr_line' id='line_1_24' title="bbox 159 2900 1263 2973; baseline 0.002 -17"><span class='ocrx_word' id='word_1_207' title='bbox 159 2904 315 2973; x_wconf 86' lang='lat' dir='ltr'><strong>priusquam</strong></span> <span class='ocrx_word' id='word_1_208' title='bbox 342 2916 394 2955; x_wconf 87' lang='lat' dir='ltr'><strong>uua</strong></span> <span class='ocrx_word' id='word_1_209' title='bbox 414 2900 504 2971; x_wconf 85' lang='lat' dir='ltr'><strong>aliqua</strong></span> <span class='ocrx_word' id='word_1_210' title='bbox 523 2916 557 2954; x_wconf 88' lang='lat' dir='ltr'><strong>ox</strong></span> <span class='ocrx_word' id='word_1_211' title='bbox 575 2908 651 2970; x_wconf 87' lang='lat' dir='ltr'><strong>parto</strong></span> <span class='ocrx_word' id='word_1_212' title='bbox 668 2902 763 2957; x_wconf 83' lang='lat' dir='ltr'><strong>sarciri</strong></span> <span class='ocrx_word' id='word_1_213' title='bbox 781 2903 883 2971; x_wconf 90' lang='lat' dir='ltr'><strong>possit,</strong></span> <span class='ocrx_word' id='word_1_214' title='bbox 907 2903 958 2955; x_wconf 92' lang='lat' dir='ltr'><strong>iam</strong></span> <span class='ocrx_word' id='word_1_215' title='bbox 976 2911 1147 2971; x_wconf 88' lang='lat' dir='ltr'><strong>peccatorum</strong></span> <span class='ocrx_word' id='word_1_216' title='bbox 1166 2905 1263 2973; x_wconf 79' lang='lat' dir='ltr'><strong>genius</strong></span> 
     </span>
     <span class='ocr_line' id='line_1_25' title="bbox 161 2972 1264 3044; baseline -0.003 -16"><span class='ocrx_word' id='word_1_217' title='bbox 161 2975 263 3028; x_wconf 80' lang='lat' dir='ltr'><strong>vindex</strong></span> <span class='ocrx_word' id='word_1_218' title='bbox 281 2972 391 3025; x_wconf 86' lang='lat' dir='ltr'><strong>alteram</strong></span> <span class='ocrx_word' id='word_1_219' title='bbox 409 2973 520 3025; x_wconf 77' lang='lat' dir='ltr'><strong>effundit</strong></span> <span class='ocrx_word' id='word_1_220' title='bbox 539 2980 566 3025; x_wconf 90' lang='lat' dir='ltr'><strong>et</strong></span> <span class='ocrx_word' id='word_1_221' title='bbox 589 2973 660 3027; x_wconf 85' lang='lat' dir='ltr'><strong>aliao</strong></span> <span class='ocrx_word' id='word_1_222' title='bbox 687 2974 765 3027; x_wconf 88' lang='lat' dir='ltr'><strong>etiam</strong></span> <span class='ocrx_word' id='word_1_223' title='bbox 790 2976 906 3028; x_wconf 88' lang='lat' dir='ltr'><strong>maiores</strong></span> <span class='ocrx_word' id='word_1_224' title='bbox 932 2990 1041 3043; x_wconf 85' lang='lat' dir='ltr'><strong>prorsus</strong></span> <span class='ocrx_word' id='word_1_225' title='bbox 1060 2976 1198 3044; x_wconf 87' lang='lat' dir='ltr'><strong>inopinato</strong></span> <span class='ocrx_word' id='word_1_226' title='bbox 1216 2992 1264 3028; x_wconf 88' lang='lat' dir='ltr'><strong>se.</strong></span> 
     </span>
     <span class='ocr_line' id='line_1_26' title="bbox 149 3044 1263 3117; baseline 0.001 -19"><span class='ocrx_word' id='word_1_227' title='bbox 149 3054 287 3117; x_wconf 67' lang='lat' dir='ltr'><strong>,qunntun</strong></span> <span class='ocrx_word' id='word_1_228' title='bbox 325 3052 405 3113; x_wconf 88' lang='lat' dir='ltr'><strong>atque</strong></span> <span class='ocrx_word' id='word_1_229' title='bbox 424 3044 579 3097; x_wconf 79' lang='lat' dir='ltr'>mehercule</span> <span class='ocrx_word' id='word_1_230' title='bbox 599 3047 678 3097; x_wconf 91' lang='lat' dir='ltr'><strong>etiam</strong></span> <span class='ocrx_word' id='word_1_231' title='bbox 697 3061 729 3097; x_wconf 89' lang='lat' dir='ltr'><strong>ea</strong></span> <span class='ocrx_word' id='word_1_232' title='bbox 747 3047 883 3111; x_wconf 87' lang='lat' dir='ltr'><strong>instituta,</strong></span> <span class='ocrx_word' id='word_1_233' title='bbox 913 3062 982 3117; x_wconf 87' lang='lat' dir='ltr'><strong>quae</strong></span> <span class='ocrx_word' id='word_1_234' title='bbox 1007 3055 1106 3099; x_wconf 88' lang='lat' dir='ltr'><strong>certam</strong></span> <span class='ocrx_word' id='word_1_235' title='bbox 1134 3048 1263 3116; x_wconf 86' lang='lat' dir='ltr'><strong>quandam</strong></span> 
     </span>
     <span class='ocr_line' id='line_1_27' title="bbox 160 3115 1264 3187; baseline 0 -16"><span class='ocrx_word' id='word_1_236' title='bbox 160 3128 241 3187; x_wconf 85' lang='lat' dir='ltr'><strong>atque</strong></span> <span class='ocrx_word' id='word_1_237' title='bbox 267 3116 441 3169; x_wconf 89' lang='lat' dir='ltr'><strong>indubitatam</strong></span> <span class='ocrx_word' id='word_1_238' title='bbox 474 3115 630 3168; x_wconf 72' lang='lat' dir='ltr'><strong>felicitatem</strong></span> <span class='ocrx_word' id='word_1_239' title='bbox 655 3117 754 3170; x_wconf 88' lang='lat' dir='ltr'><strong>habere</strong></span> <span class='ocrx_word' id='word_1_240' title='bbox 782 3118 923 3171; x_wconf 85' lang='lat' dir='ltr'><strong>videantur</strong></span> <span class='ocrx_word' id='word_1_241' title='bbox 946 3134 1067 3187; x_wconf 83' lang='lat' dir='ltr'><strong>quaeque</strong></span> <span class='ocrx_word' id='word_1_242' title='bbox 1099 3134 1179 3171; x_wconf 87' lang='lat' dir='ltr'><strong>nemo</strong></span> <span class='ocrx_word' id='word_1_243' title='bbox 1206 3118 1264 3172; x_wconf 89' lang='lat' dir='ltr'><strong>ulla</strong></span> 
     </span>
     <span class='ocr_line' id='line_1_28' title="bbox 160 3186 1263 3258; baseline -0.005 -15"><span class='ocrx_word' id='word_1_244' title='bbox 160 3203 289 3243; x_wconf 86' lang='lat' dir='ltr'><strong>excausa</strong></span> <span class='ocrx_word' id='word_1_245' title='bbox 309 3186 355 3240; x_wconf 85' lang='lat' dir='ltr'><strong>vel</strong></span> <span class='ocrx_word' id='word_1_246' title='bbox 376 3188 433 3239; x_wconf 92' lang='lat' dir='ltr'><strong>ulla</strong></span> <span class='ocrx_word' id='word_1_247' title='bbox 451 3189 478 3239; x_wconf 89' lang='lat' dir='ltr'><strong>iu</strong></span> <span class='ocrx_word' id='word_1_248' title='bbox 497 3196 573 3255; x_wconf 90' lang='lat' dir='ltr'><strong>parte</strong></span> <span class='ocrx_word' id='word_1_249' title='bbox 583 3190 738 3258; x_wconf 82' lang='lat' dir='ltr'><strong>vituperare</strong></span> <span class='ocrx_word' id='word_1_250' title='bbox 755 3198 846 3258; x_wconf 88' lang='lat' dir='ltr'><strong>queat,</strong></span> <span class='ocrx_word' id='word_1_251' title='bbox 867 3204 899 3241; x_wconf 89' lang='lat' dir='ltr'><strong>ea</strong></span> <span class='ocrx_word' id='word_1_252' title='bbox 917 3204 1023 3242; x_wconf 88' lang='lat' dir='ltr'><strong>amane</strong></span> <span class='ocrx_word' id='word_1_253' title='bbox 1041 3205 1127 3257; x_wconf 85' lang='lat' dir='ltr'><strong>usque</strong></span> <span class='ocrx_word' id='word_1_254' title='bbox 1145 3190 1178 3241; x_wconf 91' lang='lat' dir='ltr'><strong>ad</strong></span> <span class='ocrx_word' id='word_1_255' title='bbox 1196 3206 1263 3242; x_wconf 88' lang='lat' dir='ltr'><strong>res.</strong></span> 
     </span>
     <span class='ocr_line' id='line_1_29' title="bbox 163 3259 1262 3331; baseline -0.001 -18"><span class='ocrx_word' id='word_1_256' title='bbox 163 3276 256 3331; x_wconf 87' lang='lat' dir='ltr'><strong>peram</strong></span> <span class='ocrx_word' id='word_1_257' title='bbox 276 3259 357 3327; x_wconf 92' lang='lat' dir='ltr'><strong>plane</strong></span> <span class='ocrx_word' id='word_1_258' title='bbox 376 3267 585 3325; x_wconf 84' lang='lat' dir='ltr'><strong>convertuntur,</strong></span> <span class='ocrx_word' id='word_1_259' title='bbox 610 3261 638 3311; x_wconf 89' lang='lat' dir='ltr'><strong>in</strong></span> <span class='ocrx_word' id='word_1_260' title='bbox 657 3262 816 3313; x_wconf 88' lang='lat' dir='ltr'><strong>contrariam</strong></span> <span class='ocrx_word' id='word_1_261' title='bbox 837 3262 1016 3314; x_wconf 89' lang='lat' dir='ltr'><strong>conditionem</strong></span> <span class='ocrx_word' id='word_1_262' title='bbox 1037 3261 1262 3327; x_wconf 74' lang='lat' dir='ltr'><strong>circumaguntur,</strong></span> 
     </span>
     <span class='ocr_line' id='line_1_30' title="bbox 159 3332 1262 3399; baseline -0.002 -13"><span class='ocrx_word' id='word_1_263' title='bbox 159 3332 291 3386; x_wconf 82' lang='lat' dir='ltr'><strong>facillime</strong></span> <span class='ocrx_word' id='word_1_264' title='bbox 312 3332 427 3399; x_wconf 77' lang='lat' dir='ltr'><strong>agonio</strong></span> <span class='ocrx_word' id='word_1_265' title='bbox 451 3340 621 3398; x_wconf 87' lang='lat' dir='ltr'><strong>peccatorum</strong></span> <span class='ocrx_word' id='word_1_266' title='bbox 650 3332 757 3385; x_wconf 84' lang='lat' dir='ltr'><strong>vindice</strong></span> <span class='ocrx_word' id='word_1_267' title='bbox 781 3332 972 3386; x_wconf 83' lang='lat' dir='ltr'><strong>convelluntur</strong></span> <span class='ocrx_word' id='word_1_268' title='bbox 993 3340 1038 3397; x_wconf 89' lang='lat' dir='ltr'><strong>et,</strong></span> <span class='ocrx_word' id='word_1_269' title='bbox 1056 3332 1177 3399; x_wconf 84' lang='lat' dir='ltr'><strong>quamvis</strong></span> <span class='ocrx_word' id='word_1_270' title='bbox 1195 3333 1262 3397; x_wconf 89' lang='lat' dir='ltr'><strong>ipsis</strong></span> 
     </span>
     <span class='ocr_line' id='line_1_31' title="bbox 158 3402 1263 3471; baseline -0.003 -14"><span class='ocrx_word' id='word_1_271' title='bbox 158 3404 291 3468; x_wconf 87' lang='lat' dir='ltr'><strong>manibus,</strong></span> <span class='ocrx_word' id='word_1_272' title='bbox 311 3410 342 3453; x_wconf 91' lang='lat' dir='ltr'><strong>nt</strong></span> <span class='ocrx_word' id='word_1_273' title='bbox 354 3403 497 3467; x_wconf 70' lang='lat' dir='ltr'><strong>indicam,</strong></span> <span class='ocrx_word' id='word_1_274' title='bbox 517 3403 710 3471; x_wconf 86' lang='lat' dir='ltr'><strong>comprehensa</strong></span> <span class='ocrx_word' id='word_1_275' title='bbox 723 3412 874 3469; x_wconf 87' lang='lat' dir='ltr'><strong>teneantur,</strong></span> <span class='ocrx_word' id='word_1_276' title='bbox 894 3413 983 3457; x_wconf 86' lang='lat' dir='ltr'><strong>tamen</strong></span> <span class='ocrx_word' id='word_1_277' title='bbox 1001 3403 1177 3470; x_wconf 73' lang='lat' dir='ltr'>abripiuntur.</span> <span class='ocrx_word' id='word_1_278' title='bbox 1197 3402 1263 3454; x_wconf 87' lang='lat' dir='ltr'><strong>licet</strong></span> 
     </span>
     <span class='ocr_line' id='line_1_32' title="bbox 158 3473 1261 3545; baseline -0.006 -17"><span class='ocrx_word' id='word_1_279' title='bbox 158 3486 248 3528; x_wconf 87' lang='lat' dir='ltr'><strong>autem</strong></span> <span class='ocrx_word' id='word_1_280' title='bbox 267 3476 296 3527; x_wconf 93' lang='lat' dir='ltr'><strong>in</strong></span> <span class='ocrx_word' id='word_1_281' title='bbox 314 3473 371 3525; x_wconf 91' lang='lat' dir='ltr'><strong>dies</strong></span> <span class='ocrx_word' id='word_1_282' title='bbox 390 3476 504 3527; x_wconf 87' lang='lat' dir='ltr'><strong>maiores</strong></span> <span class='ocrx_word' id='word_1_283' title='bbox 525 3484 604 3545; x_wconf 88' lang='lat' dir='ltr'><strong>atque</strong></span> <span class='ocrx_word' id='word_1_284' title='bbox 617 3475 744 3528; x_wconf 88' lang='lat' dir='ltr'><strong>meliores</strong></span> <span class='ocrx_word' id='word_1_285' title='bbox 757 3476 824 3527; x_wconf 92' lang='lat' dir='ltr'><strong>belli</strong></span> <span class='ocrx_word' id='word_1_286' title='bbox 843 3486 985 3544; x_wconf 91' lang='lat' dir='ltr'><strong>apparatos</strong></span> <span class='ocrx_word' id='word_1_287' title='bbox 998 3475 1114 3527; x_wconf 84' lang='lat' dir='ltr'><strong>faciendi</strong></span> <span class='ocrx_word' id='word_1_288' title='bbox 1127 3483 1261 3541; x_wconf 78' lang='lat' dir='ltr'><strong>opportu-</strong></span> 
     </span>
     <span class='ocr_line' id='line_1_33' title="bbox 157 3546 1262 3615; baseline -0.003 -16"><span class='ocrx_word' id='word_1_289' title='bbox 157 3550 270 3601; x_wconf 76' lang='lat' dir='ltr'><strong>nitatem</strong></span> <span class='ocrx_word' id='word_1_290' title='bbox 289 3562 305 3597; x_wconf 93' lang='lat' dir='ltr'><strong>a</strong></span> <span class='ocrx_word' id='word_1_291' title='bbox 322 3548 413 3598; x_wconf 89' lang='lat' dir='ltr'><strong>multis</strong></span> <span class='ocrx_word' id='word_1_292' title='bbox 436 3547 555 3614; x_wconf 87' lang='lat' dir='ltr'><strong>partibus</strong></span> <span class='ocrx_word' id='word_1_293' title='bbox 580 3550 780 3613; x_wconf 75' lang='lat' dir='ltr'><strong>nanciscamur,</strong></span> <span class='ocrx_word' id='word_1_294' title='bbox 800 3562 907 3615; x_wconf 87' lang='lat' dir='ltr'><strong>semper</strong></span> <span class='ocrx_word' id='word_1_295' title='bbox 934 3549 1069 3599; x_wconf 86' lang='lat' dir='ltr'><strong>tamenin</strong></span> <span class='ocrx_word' id='word_1_296' title='bbox 1089 3546 1262 3597; x_wconf 83' lang='lat' dir='ltr'><strong>maximarum</strong></span> 
     </span>
     <span class='ocr_line' id='line_1_34' title="bbox 158 3618 1261 3687; baseline -0.005 -15"><span class='ocrx_word' id='word_1_297' title='bbox 158 3636 248 3672; x_wconf 83' lang='lat' dir='ltr'><strong>rernm</strong></span> <span class='ocrx_word' id='word_1_298' title='bbox 266 3619 408 3670; x_wconf 84' lang='lat' dir='ltr'><strong>momentis</strong></span> <span class='ocrx_word' id='word_1_299' title='bbox 420 3618 541 3671; x_wconf 74' lang='lat' dir='ltr'><strong>hortibus</strong></span> <span class='ocrx_word' id='word_1_300' title='bbox 556 3618 639 3671; x_wconf 88' lang='lat' dir='ltr'><strong>multo</strong></span> <span class='ocrx_word' id='word_1_301' title='bbox 652 3619 796 3673; x_wconf 83' lang='lat' dir='ltr'><strong>inferiores</strong></span> <span class='ocrx_word' id='word_1_302' title='bbox 810 3620 1003 3687; x_wconf 80' lang='lat' dir='ltr'><strong>exinproviso</strong></span> <span class='ocrx_word' id='word_1_303' title='bbox 1019 3632 1177 3686; x_wconf 90' lang='lat' dir='ltr'><strong>apparemus</strong></span> <span class='ocrx_word' id='word_1_304' title='bbox 1188 3634 1261 3671; x_wconf 82' lang='lat' dir='ltr'><strong>sem.</strong></span> 
     </span>
     <span class='ocr_line' id='line_1_35' title="bbox 148 3689 1262 3764; baseline -0.005 -21"><span class='ocrx_word' id='word_1_305' title='bbox 148 3706 263 3760; x_wconf 84' lang='lat' dir='ltr'><strong>¹perque</strong></span> <span class='ocrx_word' id='word_1_306' title='bbox 282 3691 380 3757; x_wconf 88' lang='lat' dir='ltr'><strong>optima</strong></span> <span class='ocrx_word' id='word_1_307' title='bbox 398 3691 495 3757; x_wconf 87' lang='lat' dir='ltr'><strong>repleti</strong></span> <span class='ocrx_word' id='word_1_308' title='bbox 513 3706 560 3759; x_wconf 89' lang='lat' dir='ltr'><strong>spe</strong></span> <span class='ocrx_word' id='word_1_309' title='bbox 581 3707 716 3760; x_wconf 88' lang='lat' dir='ltr'><strong>nunquam</strong></span> <span class='ocrx_word' id='word_1_310' title='bbox 734 3706 788 3743; x_wconf 89' lang='lat' dir='ltr'><strong>non</strong></span> <span class='ocrx_word' id='word_1_311' title='bbox 808 3691 886 3743; x_wconf 83' lang='lat' dir='ltr'><strong>brevi</strong></span> <span class='ocrx_word' id='word_1_312' title='bbox 905 3690 997 3758; x_wconf 86' lang='lat' dir='ltr'><strong>elapso</strong></span> <span class='ocrx_word' id='word_1_313' title='bbox 1015 3698 1142 3764; x_wconf 73' lang='lat' dir='ltr'><strong>&#39;tempora</strong></span> <span class='ocrx_word' id='word_1_314' title='bbox 1159 3689 1192 3741; x_wconf 91' lang='lat' dir='ltr'><strong>ad</strong></span> <span class='ocrx_word' id='word_1_315' title='bbox 1211 3705 1262 3742; x_wconf 79' lang='lat' dir='ltr'><strong>ea.</strong></span> 
     </span>
     <span class='ocr_line' id='line_1_36' title="bbox 158 3762 1270 3833; baseline -0.004 -18"><span class='ocrx_word' id='word_1_316' title='bbox 158 3773 272 3815; x_wconf 87' lang='lat' dir='ltr'><strong>tremum</strong></span> <span class='ocrx_word' id='word_1_317' title='bbox 291 3776 400 3829; x_wconf 79' lang='lat' dir='ltr'><strong>magnas</strong></span> <span class='ocrx_word' id='word_1_318' title='bbox 424 3764 625 3829; x_wconf 86' lang='lat' dir='ltr'><strong>desperationes</strong></span> <span class='ocrx_word' id='word_1_319' title='bbox 654 3764 729 3832; x_wconf 87' lang='lat' dir='ltr'><strong>qnasi</strong></span> <span class='ocrx_word' id='word_1_320' title='bbox 745 3772 895 3815; x_wconf 88' lang='lat' dir='ltr'><strong>nostrarum</strong></span> <span class='ocrx_word' id='word_1_321' title='bbox 915 3764 1048 3814; x_wconf 85' lang='lat' dir='ltr'><strong>actionum</strong></span> <span class='ocrx_word' id='word_1_322' title='bbox 1073 3762 1176 3814; x_wconf 79' lang='lat' dir='ltr'><strong>fructos</strong></span> <span class='ocrx_word' id='word_1_323' title='bbox 1196 3777 1270 3833; x_wconf 67' lang='lat' dir='ltr'><strong>per.x</strong></span> 
     </span>
     <span class='ocr_line' id='line_1_37' title="bbox 159 3833 1262 3902; baseline -0.002 -15"><span class='ocrx_word' id='word_1_324' title='bbox 159 3836 282 3902; x_wconf 88' lang='lat' dir='ltr'><strong>cipimus.</strong></span> <span class='ocrx_word' id='word_1_325' title='bbox 321 3833 374 3885; x_wconf 86' lang='lat' dir='ltr'><strong>hoe</strong></span> <span class='ocrx_word' id='word_1_326' title='bbox 391 3849 512 3902; x_wconf 75' lang='lat' dir='ltr'><strong>maguam</strong></span> <span class='ocrx_word' id='word_1_327' title='bbox 531 3835 596 3886; x_wconf 84' lang='lat' dir='ltr'><strong>milri</strong></span> <span class='ocrx_word' id='word_1_328' title='bbox 622 3835 710 3887; x_wconf 88' lang='lat' dir='ltr'><strong>inlicit</strong></span> <span class='ocrx_word' id='word_1_329' title='bbox 728 3834 837 3888; x_wconf 89' lang='lat' dir='ltr'><strong>consilii</strong></span> <span class='ocrx_word' id='word_1_330' title='bbox 861 3835 978 3902; x_wconf 89' lang='lat' dir='ltr'><strong>inopiam</strong></span> <span class='ocrx_word' id='word_1_331' title='bbox 1004 3834 1149 3902; x_wconf 85' lang='lat' dir='ltr'><strong>multisque</strong></span> <span class='ocrx_word' id='word_1_332' title='bbox 1168 3850 1212 3887; x_wconf 86' lang='lat' dir='ltr'><strong>mc</strong></span> <span class='ocrx_word' id='word_1_333' title='bbox 1229 3848 1262 3885; x_wconf 86' lang='lat' dir='ltr'><strong>an</strong></span> 
     </span>
     <span class='ocr_line' id='line_1_38' title="bbox 157 3904 1262 3979; baseline -0.001 -20"><span class='ocrx_word' id='word_1_334' title='bbox 157 3909 232 3959; x_wconf 87' lang='lat' dir='ltr'><strong>miris</strong></span> <span class='ocrx_word' id='word_1_335' title='bbox 258 3904 382 3958; x_wconf 83' lang='lat' dir='ltr'><strong>fluctibns</strong></span> <span class='ocrx_word' id='word_1_336' title='bbox 412 3906 618 3979; x_wconf 76' lang='lat' dir='ltr'><strong>circumfundit,</strong></span> <span class='ocrx_word' id='word_1_337' title='bbox 647 3916 677 3959; x_wconf 89' lang='lat' dir='ltr'><strong>ut</strong></span> <span class='ocrx_word' id='word_1_338' title='bbox 700 3924 735 3961; x_wconf 86' lang='lat' dir='ltr'><strong>ue</strong></span> <span class='ocrx_word' id='word_1_339' title='bbox 760 3908 878 3975; x_wconf 79' lang='lat' dir='ltr'><strong>linguam</strong></span> <span class='ocrx_word' id='word_1_340' title='bbox 898 3908 1004 3975; x_wconf 89' lang='lat' dir='ltr'><strong>quidem</strong></span> <span class='ocrx_word' id='word_1_341' title='bbox 1028 3906 1141 3973; x_wconf 89' lang='lat' dir='ltr'><strong>amplius</strong></span> <span class='ocrx_word' id='word_1_342' title='bbox 1161 3906 1262 3975; x_wconf 86' lang='lat' dir='ltr'><strong>possim</strong></span> 
     </span>
     <span class='ocr_line' id='line_1_39' title="bbox 158 3978 1261 4048; baseline -0.001 -18"><span class='ocrx_word' id='word_1_343' title='bbox 158 3994 290 4043; x_wconf 84' lang='lat' dir='ltr'><strong>morere,</strong></span> <span class='ocrx_word' id='word_1_344' title='bbox 313 3992 381 4045; x_wconf 88' lang='lat' dir='ltr'><strong>qnae</strong></span> <span class='ocrx_word' id='word_1_345' title='bbox 407 3979 435 4031; x_wconf 88' lang='lat' dir='ltr'><strong>in</strong></span> <span class='ocrx_word' id='word_1_346' title='bbox 463 3979 571 4046; x_wconf 89' lang='lat' dir='ltr'><strong>peiores</strong></span> <span class='ocrx_word' id='word_1_347' title='bbox 589 3979 617 4029; x_wconf 92' lang='lat' dir='ltr'><strong>in</strong></span> <span class='ocrx_word' id='word_1_348' title='bbox 643 3980 702 4032; x_wconf 87' lang='lat' dir='ltr'><strong>dies</strong></span> <span class='ocrx_word' id='word_1_349' title='bbox 719 3980 888 4033; x_wconf 87' lang='lat' dir='ltr'><strong>narrationes</strong></span> <span class='ocrx_word' id='word_1_350' title='bbox 912 3978 1022 4031; x_wconf 88' lang='lat' dir='ltr'><strong>incidat.</strong></span> <span class='ocrx_word' id='word_1_351' title='bbox 1058 3993 1135 4048; x_wconf 87' lang='lat' dir='ltr'><strong>quam</strong></span> <span class='ocrx_word' id='word_1_352' title='bbox 1161 3979 1214 4031; x_wconf 90' lang='lat' dir='ltr'><strong>nisi</strong></span> <span class='ocrx_word' id='word_1_353' title='bbox 1232 3985 1261 4029; x_wconf 90' lang='lat' dir='ltr'><strong>tn</strong></span> 
     </span>
     <span class='ocr_line' id='line_1_40' title="bbox 158 4048 1262 4119; baseline -0.004 -14"><span class='ocrx_word' id='word_1_354' title='bbox 158 4051 251 4105; x_wconf 83' lang='lat' dir='ltr'><strong>solves</strong></span> <span class='ocrx_word' id='word_1_355' title='bbox 270 4058 298 4102; x_wconf 91' lang='lat' dir='ltr'><strong>et</strong></span> <span class='ocrx_word' id='word_1_356' title='bbox 316 4048 402 4101; x_wconf 81' lang='lat' dir='ltr'><strong>veluti</strong></span> <span class='ocrx_word' id='word_1_357' title='bbox 429 4050 500 4103; x_wconf 89' lang='lat' dir='ltr'><strong>alter</strong></span> <span class='ocrx_word' id='word_1_358' title='bbox 516 4050 659 4117; x_wconf 74' lang='lat' dir='ltr'><strong>Asclepius</strong></span> <span class='ocrx_word' id='word_1_359' title='bbox 685 4059 712 4103; x_wconf 88' lang='lat' dir='ltr'><strong>et</strong></span> <span class='ocrx_word' id='word_1_360' title='bbox 728 4052 904 4119; x_wconf 71' lang='lat' dir='ltr'><strong>Hippocrates</strong></span> <span class='ocrx_word' id='word_1_361' title='bbox 928 4051 961 4103; x_wconf 92' lang='lat' dir='ltr'><strong>ad</strong></span> <span class='ocrx_word' id='word_1_362' title='bbox 985 4051 1098 4101; x_wconf 87' lang='lat' dir='ltr'><strong>animum</strong></span> <span class='ocrx_word' id='word_1_363' title='bbox 1116 4065 1203 4102; x_wconf 84' lang='lat' dir='ltr'><strong>meum</strong></span> <span class='ocrx_word' id='word_1_364' title='bbox 1221 4049 1262 4101; x_wconf 89' lang='lat' dir='ltr'><strong>sie</strong></span> 
     </span>
     <span class='ocr_line' id='line_1_41' title="bbox 158 4122 1260 4192; baseline -0.007 -16"><span class='ocrx_word' id='word_1_365' title='bbox 158 4129 344 4191; x_wconf 82' lang='lat' dir='ltr'><strong>aegrotantem</strong></span> <span class='ocrx_word' id='word_1_366' title='bbox 364 4122 486 4187; x_wconf 86' lang='lat' dir='ltr'><strong>accedes,</strong></span> <span class='ocrx_word' id='word_1_367' title='bbox 505 4136 559 4174; x_wconf 87' lang='lat' dir='ltr'><strong>uon</strong></span> <span class='ocrx_word' id='word_1_368' title='bbox 578 4122 636 4175; x_wconf 85' lang='lat' dir='ltr'><strong>fieri</strong></span> <span class='ocrx_word' id='word_1_369' title='bbox 656 4124 764 4189; x_wconf 89' lang='lat' dir='ltr'><strong>poterit,</strong></span> <span class='ocrx_word' id='word_1_370' title='bbox 783 4131 822 4187; x_wconf 91' lang='lat' dir='ltr'><strong>ut,</strong></span> <span class='ocrx_word' id='word_1_371' title='bbox 843 4138 911 4192; x_wconf 85' lang='lat' dir='ltr'><strong>quae</strong></span> <span class='ocrx_word' id='word_1_372' title='bbox 933 4130 1089 4191; x_wconf 88' lang='lat' dir='ltr'><strong>sequuntur,</strong></span> <span class='ocrx_word' id='word_1_373' title='bbox 1108 4122 1157 4174; x_wconf 90' lang='lat' dir='ltr'><strong>tibi</strong></span> <span class='ocrx_word' id='word_1_374' title='bbox 1179 4135 1260 4172; x_wconf 88' lang='lat' dir='ltr'><strong>enar.</strong></span> 
     </span>
     <span class='ocr_line' id='line_1_42' title="bbox 158 4192 1262 4264; baseline -0.005 -16"><span class='ocrx_word' id='word_1_375' title='bbox 158 4212 230 4259; x_wconf 86' lang='lat' dir='ltr'><strong>rom,</strong></span> <span class='ocrx_word' id='word_1_376' title='bbox 250 4193 298 4247; x_wconf 85' lang='lat' dir='ltr'><strong>sed</strong></span> <span class='ocrx_word' id='word_1_377' title='bbox 316 4194 498 4246; x_wconf 86' lang='lat' dir='ltr'><strong>molestiarum</strong></span> <span class='ocrx_word' id='word_1_378' title='bbox 527 4196 671 4264; x_wconf 78' lang='lat' dir='ltr'><strong>voragines</strong></span> <span class='ocrx_word' id='word_1_379' title='bbox 691 4202 718 4246; x_wconf 90' lang='lat' dir='ltr'><strong>et</strong></span> <span class='ocrx_word' id='word_1_380' title='bbox 738 4195 868 4261; x_wconf 87' lang='lat' dir='ltr'><strong>insidiae,</strong></span> <span class='ocrx_word' id='word_1_381' title='bbox 897 4202 927 4247; x_wconf 88' lang='lat' dir='ltr'><strong>ut</strong></span> <span class='ocrx_word' id='word_1_382' title='bbox 946 4195 983 4245; x_wconf 92' lang='lat' dir='ltr'><strong>ita</strong></span> <span class='ocrx_word' id='word_1_383' title='bbox 1004 4192 1262 4258; x_wconf 83' lang='lat' dir='ltr'><strong>dieam,rerhorun1</strong></span> 
     </span>
     <span class='ocr_line' id='line_1_43' title="bbox 161 4261 1262 4335; baseline -0.007 -16"><span class='ocrx_word' id='word_1_384' title='bbox 161 4283 266 4319; x_wconf 86' lang='lat' dir='ltr'><strong>cursum</strong></span> <span class='ocrx_word' id='word_1_385' title='bbox 291 4273 342 4317; x_wconf 81' lang='lat' dir='ltr'><strong>tom</strong></span> <span class='ocrx_word' id='word_1_386' title='bbox 362 4267 488 4319; x_wconf 88' lang='lat' dir='ltr'><strong>miserum</strong></span> <span class='ocrx_word' id='word_1_387' title='bbox 514 4268 591 4321; x_wconf 87' lang='lat' dir='ltr'><strong>linire</strong></span> <span class='ocrx_word' id='word_1_388' title='bbox 610 4275 784 4335; x_wconf 75' lang='lat' dir='ltr'><strong>monogam,</strong></span> <span class='ocrx_word' id='word_1_389' title='bbox 810 4268 963 4335; x_wconf 86' lang='lat' dir='ltr'><strong>priusquam</strong></span> <span class='ocrx_word' id='word_1_390' title='bbox 981 4280 1070 4317; x_wconf 89' lang='lat' dir='ltr'><strong>rerum</strong></span> <span class='ocrx_word' id='word_1_391' title='bbox 1094 4261 1262 4317; x_wconf 84' lang='lat' dir='ltr'><strong>horribilium</strong></span> 
     </span>
     <span class='ocr_line' id='line_1_44' title="bbox 163 4338 1261 4408; baseline -0.007 -17"><span class='ocrx_word' id='word_1_392' title='bbox 163 4338 299 4392; x_wconf 83' lang='lat' dir='ltr'><strong>cumulum</strong></span> <span class='ocrx_word' id='word_1_393' title='bbox 316 4338 471 4393; x_wconf 83' lang='lat' dir='ltr'><strong>addiderim.</strong></span> <span class='ocrx_word' id='word_1_394' title='bbox 511 4340 644 4408; x_wconf 74' lang='lat' dir='ltr'><strong>agedum,</strong></span> <span class='ocrx_word' id='word_1_395' title='bbox 662 4354 728 4408; x_wconf 80' lang='lat' dir='ltr'><strong>age,</strong></span> <span class='ocrx_word' id='word_1_396' title='bbox 753 4338 955 4393; x_wconf 86' lang='lat' dir='ltr'><strong>dilectissimum</strong></span> <span class='ocrx_word' id='word_1_397' title='bbox 976 4339 1042 4391; x_wconf 82' lang='lat' dir='ltr'><strong>milri</strong></span> <span class='ocrx_word' id='word_1_398' title='bbox 1068 4342 1160 4402; x_wconf 83' lang='lat' dir='ltr'><strong>caput,</strong></span> <span class='ocrx_word' id='word_1_399' title='bbox 1177 4340 1261 4383; x_wconf 79' lang='lat' dir='ltr'><strong>tuam</strong></span> 
     </span>
    </p>
   </div>
   <div class='ocr_carea' id='block_1_4' title="bbox 0 0 1596 5100">
    <p class='ocr_par' dir='ltr' id='par_1_9' title="bbox 0 0 1596 5100">
     <span class='ocr_line' id='line_1_45' title="bbox 0 0 1596 5100; baseline 0 1"><span class='ocrx_word' id='word_1_400' title='bbox 0 0 1596 5100; x_wconf 95' lang='lat' dir='ltr'><strong> </strong></span> 
     </span>
    </p>
   </div>
  </div>
 </body>
</html>
