3184 5100
275 424 497 493 nnnoman
523 420 783 490 mmmmm
796 424 938 487 xxxin.
957 330 1141 490 ιό-ῖο.
1197 408 1273 505 lit

175 589 256 675 φεάν
277 588 419 677 ἔγραψεν
439 582 523 673 όμῖν,
542 585 586 663 οἷς
608 584 664 652 καί
685 587 719 651 ἐν
737 584 858 662 πάσαις
877 592 948 661 ταῖς
967 586 1148 661 ἐπιστολαῖς
1167 586 1273 649 λαλῶν

174 691 211 754 ἐν
241 689 353 766 αόταῖς
380 690 456 776 περὶ
484 688 613 754 τούτων.
655 688 689 752 ἐν
723 679 775 763 αἷς
804 686 872 753 ἐστι
901 682 1058 771 δυσνόηιό
1084 709 1175 765 τινα,
1201 682 1273 750 δοῖ
1398 708 1410 741 0

174 790 315 873 ἀμαθεῖς
336 792 392 857 καί
414 790 598 877 ἀστήρικτοι
618 792 834 876 στρεβλοῦσιν,
849 785 892 863 τός
913 787 969 853 καί
988 786 1044 864 τός
1066 785 1178 865 λοιπὰς
1191 811 1272 873 γρα-

174 892 248 978 φάς,
270 892 351 979 πρός
370 892 428 978 την
447 893 534 957 ἰδίαν
555 890 658 955 αὐτῶν
681 888 869 955 duellam?

134 1001 161 1054 5
270 992 382 1081 Ὁρᾶτε
405 997 473 1069 πῶς
498 997 551 1059 δεῖ
567 1000 633 1069 τοῖς
651 992 805 1069 τοιούτοις
824 994 963 1057 συνετῶν
976 988 1058 1075 όμοῢ
1078 988 1135 1055 καὶ
1155 987 1338 1075 calwe-19

170 1095 280 1179 μόνων
311 1095 367 1160 καί
397 1094 527 1181 οὐδαμῇ
557 1093 801 1176 κακοδαιμόνων
829 1090 1015 1178 ἀκροατῶν,
1054 1090 1161 1157 όπεῖοι
1193 1086 1273 1177 πρός

172 1198 318 1281 ἀμαθίας
341 1194 485 1281 ἄμουσον
506 1202 659 1279 μουσεῖον
683 1197 798 1280 φοιτᾶν
820 1193 977 1259 εἰώθεσαν
997 1195 1031 1257 ἐκ
1065 1191 1192 1259 παίδων
1218 1193 1401 1259 cadmit-

170 1300 293 1363 ἐπαλέα
314 1300 441 1383 λέσχην,
465 1294 547 1365 όπου
568 1298 706 1383 μηδαμῇ
724 1296 927 1381 δικαιοσύνης
947 1298 1163 1381 γεωργεῖσθαι
1182 1292 1273 1360 ἴσοισι

170 1398 309 1485 καρποί,
341 1399 421 1482 μήτε
451 1399 515 1483 μὴν
544 1396 612 1463 οὐδ’
645 1395 674 1461 οἱ
695 1403 762 1481 μετ’
793 1396 909 1483 αρετῆς
931 1395 1111 1481 εὐδοκιμεῖν
1131 1394 1273 1483 ἱδρῶτες,

112 1508 161 1563 10
173 1497 257 1564 ἀλλὰ
277 1500 391 1575 κακίας
412 1497 568 1584 τρόφιμοι
590 1498 698 1585 φωναὶ
718 1498 774 1563 καί
794 1500 951 1583 γλῶτται,
984 1498 1039 1563 καί
1060 1497 1141 1586 πρός
1159 1518 1194 1585 γε
1214 1522 1273 1563 πο-
1333 1560 1338 1564 .

170 1602 274 1686 νηραί
289 1624 323 1665 τε
350 1599 406 1664 καὶ
430 1599 622 1686 διάστροφοι
644 1600 784 1664 διάνοιαι
812 1597 893 1685 πρός
921 1595 977 1683 τὴν
1005 1598 1093 1665 ἰδίαν
1112 1595 1274 1684 όπόληψιν

171 1700 214 1767 τὰ
244 1702 308 1766 τεόν
337 1701 438 1766 θείων
460 1700 608 1786 πατέρων
629 1701 886 1787 διαστρέφουσαι
917 1697 1065 1786 ῥήματα·
1116 1696 1136 1763 δ
1158 1697 1197 1784 δὴ
1219 1698 1275 1764 καί
1307 1774 1309 1781 γ

171 1806 340 1885 Παλαμᾶς
366 1802 554 1887 τετόλμηκεν
585 1802 637 1889 ἐφ’
661 1800 771 1887 ἡμῶν,
799 1801 1005 1889 μισθοφόρον
1027 1796 1162 1889 όργανον
1198 1801 1274 1865 ἄσε-

171 1905 264 1986 βείας
284 1903 450 1988 γενόμενος
470 1896 581 1969 ἐκοντί.
631 1903 702 1968 ἐπεί
724 1906 753 1968 δ’
780 1906 813 1980 ἐς
840 1903 913 1969 τόδε
940 1905 1051 1981 τέλους
1072 1898 1208 1985 εὔζωνον
1228 1903 1273 1966 εἷ-

114 2014 160 2067 15
174 2011 248 2068 πεῖν
269 2004 326 2068 καί
347 2005 437 2088 μάλα
457 2004 494 2089 γέ
521 2029 553 2069 τι
582 2001 695 2095 ῥηίδιον
723 2002 759 2070 τό
780 2008 837 2089 τῆς
860 2004 1029 2083 διαλέξεως
1051 2005 1171 2089 ἐκείνης
1192 2002 1273 2084 ἐχεό-

172 2128 224 2190 ρει
256 2105 444 2190 προοίμιον,
475 2103 531 2169 καί
558 2102 617 2181 τὰς
643 2107 707 2169 τεόν
728 2106 933 2187 Παλαμιτιόν
953 2105 1081 2170 ἐκείνων
1103 2100 1273 2188 ὁμολογίας

170 2203 226 2270 διὰ
247 2207 311 2270 τῶν
330 2206 430 2270 θείων
447 2206 504 2270 καὶ
524 2204 673 2291 ἐφόκτων
693 2208 830 2293 γραφῶν
853 2205 1107 2293 ἀναμφιλέκτους
1128 2206 1162 2268 ἐκ
1184 2204 1272 2288 πριό-

167 2332 225 2391 της
246 2307 349 2393 φόνοι
369 2309 520 2392 γραμμῆς
541 2304 560 2371 ό
578 2308 609 2371 Γ
610 2310 750 2393 ρηγορᾶς
771 2308 946 2393 ἐχειροῦτο,
970 2306 1027 2372 καί
1046 2306 1125 2390 μιάν
1145 2303 1274 2369 ἔπειθεν

168 2404 336 2492 όμολαγεῖν
356 2401 441 2472 εἶναι
463 2408 598 2492 θεότητα
621 2404 767 2472 ἅκτιστον
793 2408 850 2473 καί
871 2411 940 2495 φῶς
968 2408 1003 2475 ἓν
1025 2407 1205 2495 ἀπρόσιτον,
1219 2404 1274 2469 καί

111 2502 360 2590 φὸᾶδιόδοχον,
392 2507 450 2594 τὴν
473 2510 640 2597 μακαρίαν
666 2509 722 2574 καί
748 2510 1001 2600 τρισυπόστατον
1021 2509 1121 2595 μόνην
1151 2506 1272 2585 οόσίαν,
1334 2559 1339 2582 ,

167 2611 225 2675 καί
244 2609 424 2696 ταύτηνμὴ
444 2611 543 2695 μόνον
574 2611 710 2698 ἀόρατον
732 2609 815 2676 ἀλλὰ
841 2613 897 2678 καί
917 2615 974 2702 νοῦ
994 2613 1050 2678 καί
1071 2613 1166 2698 λόγου
1190 2633 1271 2675 παν·

165 2707 222 2785 τός
252 2707 432 2799 όπερτὲραν
464 2713 671 2793 παντάπασι,
705 2711 893 2778 ι(σκεπτεόίῢ
925 2711 1027 2802 ἔφησε
1055 2710 1178 2779 “πόθεκ
1211 2709 1340 2787 κάκ’.

168 2811 266 2889 ποίας
281 2813 385 2890 αἰτίας
406 2811 770 2903 όρμοόμενοςΠαλαμοῖς
789 2816 934 2904 δεύτερον
955 2815 1162 2902 ἐδογμάτισεν
1184 2810 1272 2880 ἄκτι-

168 3108 215 3156 eut
239 3105 267 3153 et
290 3068 319 3152 in
344 3101 465 3156 omnibu·
490 3097 629 3170 epietolii,
659 3099 821 3174 loquentiu
848 3103 887 3156 eie
906 3101 940 3154 de
961 3101 1018 3170 hia,
1046 3102 1074 3154 in
1095 3101 1190 3172 quibus
1209 3107 1270 3156 eant

168 3173 298 3243 quaedam
317 3171 439 3225 difficilia
456 3174 608 3238 intellectu,
628 3189 696 3242 quac
714 3175 817 3226 indocti
831 3181 858 3226 et
867 3173 1006 3226 instabiles
1024 3173 1181 3240 depravent,
1200 3175 1270 3228 licut

168 3253 197 3298 et
215 3253 319 3296 ceteras
336 3245 497 3311 scripturae,
520 3247 554 3297 ad
578 3261 651 3297 enam
677 3246 796 3312 ipaornni
824 3245 1031 3312 perditionem.'’

239 3341 335 3393 Videte
343 3342 427 3409 igitur
438 3350 468 3394 nt
477 3341 626 3394 huiusmodi
639 3358 683 3394 ree
695 3343 850 3396 deciderent
857 3343 931 3394 vinca
943 3343 1087 3409 prudentes
1101 3350 1128 3394 et
1137 3341 1268 3410 placidos,

166 3429 220 3466 nec
230 3428 297 3466 vero
307 3415 444 3465 auditores
453 3413 585 3480 malignes
596 3413 690 3481 qualee
700 3423 762 3465 eunt
771 3415 817 3481 qui
827 3415 995 3482 ignorentiae
1005 3429 1123 3466 museum
1134 3415 1268 3466 indoctam

167 3486 342 3552 frequentare
362 3485 424 3536 inde
443 3501 459 3536 a
476 3487 592 3552 pueritia
605 3494 770 3537 consuerunt
782 3494 810 3536 et
828 3487 950 3538 cilicinae
970 3475 1095 3538 lerr'atrian
1114 3485 1159 3536 ubi
1180 3499 1269 3553 neque

165 3557 287 3607 institiae
306 3555 406 3608 lructne
428 3559 570 3622 capiuntur
588 3572 677 3624 neque
698 3558 780 3609 endor
799 3556 886 3624 pulcri
910 3556 1010 3608 laboris
1032 3557 1200 3621 aestimatur,
1222 3555 1270 3608 aed

167 3627 306 3693 nequitiae
326 3641 407 3678 vocee
431 3637 457 3679 et
478 3628 588 3695 linguae
607 3627 722 3680 clamant
741 3637 768 3680 et
788 3629 875 3680 malae
904 3643 1058 3696 pravaeque
1075 3630 1201 3680 notiones
1220 3641 1269 3694 pro

167 3698 299 3764 cuineqne
320 3699 416 3750 mentie
435 3699 617 3767 intelligentia
636 3707 731 3765 captae
748 3708 900 3752 sanctorum
921 3709 1023 3766 patrum
1043 3707 1186 3768 praecepta
1205 3714 1270 3766 per.

168 3774 301 3826 vertunt„
326 3769 396 3835 qnod
415 3770 485 3820 inter
503 3784 554 3820 noa
572 3770 691 3822 l'alamae
711 3786 792 3822 anana
813 3779 863 3835 eet,
887 3773 932 3838 qui
953 3769 1022 3822 ultro
1041 3771 1185 3837 impietatis
1204 3769 1296 3835 snb„

167 3838 264 3890 eidinm
283 3841 386 3890 exstitit
404 3855 483 3907 quum
502 3843 536 3891 ad
555 3841 623 3893 illud
644 3842 714 3893 benc
734 3850 896 3896 exstructum
916 3851 946 3893 ut
964 3843 1002 3893 ita
1020 3843 1106 3894 dicam
1126 3850 1153 3894 et
1170 3841 1270 3896 subtile

166 3908 326 3961 dialectices
346 3913 511 3976 prooemium
530 3928 561 3963 ee
579 3914 743 3980 acciegiaent
763 3922 790 3964 ct
805 3913 990 3966 Palamitarum
1010 3913 1177 3982 homologiae
1195 3913 1269 3966 divi.

165 3980 210 4032 nia
229 3987 256 4030 et
275 3981 386 4034 invictis
405 3984 544 4048 scripturis
563 3985 647 4050 prima
658 3993 687 4037 nt
705 3986 794 4036 dicant
809 3983 927 4037 litterula
939 3985 1071 4054 Gregorae
1085 3987 1268 4052 repromittet.

166 4051 214 4120 qni
235 4062 314 4103 unam
333 4054 470 4104 contendit
491 4069 551 4105 enee
569 4055 694 4107 deitatem
713 4057 858 4116 increatam
887 4065 914 4108 et
934 4056 1022 4108 lucem
1047 4072 1124 4108 nnem
1143 4057 1269 4109 inacces-

165 4122 272 4177 sibilem
291 4132 319 4175 et
336 4125 524 4190 sempiternam
549 4124 739 4178 beatitudinem
769 4135 795 4178 et
822 4128 850 4180 in
878 4129 996 4180 trinitate
1018 4143 1096 4180 unam
1123 4128 1269 4198 canentiam

165 4210 278 4263 eamque
296 4210 351 4246 nnn
372 4195 458 4246 colum
477 4196 641 4248 invicibilem
667 4199 714 4249 ned
744 4200 823 4251 etiam
851 4215 931 4266 snpra
955 4208 1069 4252 mentem
1087 4216 1118 4252 ac
1137 4201 1269 4252 rationein

163 4275 282 4320 noatram
303 4268 426 4334 potitam.
449 4269 636 4337 inquirendum
650 4278 738 4322 autem
756 4271 844 4338 inquit
861 4272 931 4322 unde
954 4279 980 4322 ct
999 4287 1051 4340 qna
1068 4273 1173 4324 ratione
1192 4283 1268 4322 cnm·

163 4345 251 4396 notua
269 4338 389 4394 Palamaa
406 4337 520 4393 alteram
535 4341 661 4396 atataerit
679 4357 739 4396 enac
756 4342 846 4396 lacem
864 4343 1019 4410 increatam,
1038 4343 1143 4414 angelii
1161 4341 1271 4413 quidem
1320 4375 1323 4381 ι
